1919 3006
927 177 1179 226 CICERO

307 313 361 354 at
422 310 640 370 primum
703 324 988 370 sumpseras
1051 314 1315 371 tamquam
1377 310 1803 356 interesset—ita

304 388 455 448 priori
477 388 745 448 posterius,
769 388 1035 448 posteriori
1059 389 1287 448 superius
1311 402 1412 433 non
1434 388 1674 450 iungitur.

230 473 285 512 45
371 462 398 478 ‘⁴
423 461 524 510 Sed
550 463 933 527 progrediamur
957 462 1154 527 longius
1183 470 1236 510 et
1261 466 1336 510 ita
1362 479 1571 527 agamus
1598 470 1657 511 ut
1681 461 1804 510 nihil

304 541 447 587 nobis
499 541 755 587 adsentati
807 556 916 587 esse
966 540 1261 596 videamur3
1330 557 1564 604 quaeque
1614 541 1678 588 ab
1726 539 1803 588 his

304 618 541 665 dicuntur
592 620 660 664 sic
711 634 1077 681 persequamur
1129 625 1187 665 ut
1238 617 1360 664 nihil
1410 621 1462 664 in
1513 620 1803 681 praeteritis

303 694 662 758 relinquamus.
731 695 954 742 Primum
986 699 1141 758 igitur
1172 699 1504 759 perspicuitas
1535 695 1621 742 illa
1651 712 1804 758 quam

304 773 522 820 diximus
549 776 670 819 satis
695 790 936 836 magnam
961 772 1120 820 habet
1145 776 1246 819 vim
1272 781 1331 820 ut
1355 776 1466 836 ipsa
1489 789 1581 836 per
1606 789 1716 820 sese
1744 788 1805 819 ea

304 866 436 913 quae
473 853 574 897 sint
610 851 752 897 nobis
785 853 860 897 ita
895 858 953 897 ut
989 854 1090 897 sint
1127 851 1331 897 indicet.
1403 850 1505 897 Sed
1537 858 1713 898 tamen
1745 856 1805 897 ut

303 944 599 974 maneamus
618 931 670 974 in
688 931 963 991 perspicuis
983 929 1171 974 firmius
1193 936 1246 975 et
1265 931 1596 985 constantiUS,
1613 931 1804 975 maiore

304 1006 526 1068 quadam
565 1022 690 1068 opus
730 1013 809 1053 est
847 1005 927 1052 vel
966 1013 1076 1053 arte
1116 1005 1195 1052 vel
1234 1005 1499 1070 diligentia
1537 1021 1602 1053 ne
1642 1006 1706 1052 ab
1744 1007 1803 1052 iis

305 1099 436 1146 quae
462 1083 595 1130 clara
620 1087 721 1130 sint
744 1087 854 1146 ipsa
876 1099 968 1146 per
993 1100 1103 1130 sese
1125 1087 1267 1146 quasi
1286 1087 1573 1148 praestigiis
1599 1084 1803 1146 quibus-

304 1162 422 1208 dam
453 1168 506 1208 et
524 1162 841 1223 captionibus
868 1161 1195 1224 depellamur.
1254 1161 1386 1208 Nam
1406 1164 1492 1224 qui
1511 1160 1670 1208 voluit
1687 1161 1803 1208 sub-

304 1242 475 1285 venire
498 1239 746 1285 erroribus
766 1239 1032 1301 Epicurusl
1053 1242 1110 1285 iis
1137 1242 1223 1301 qui
1244 1239 1480 1286 videntur
1499 1239 1803 1286 conturbare

303 1319 408 1363 veri
444 1319 804 1380 cognitionem,
830 1317 1063 1379 dixitque
1095 1319 1337 1378 sapientis
1371 1332 1481 1363 esse
1514 1319 1803 1379 opinionem

304 1410 334 1441 a
362 1397 727 1457 perspicuitate
753 1397 1038 1457 seiungere,
1063 1393 1186 1440 nihil
1218 1392 1451 1456 profecit,
1476 1397 1631 1457 ipsius
1668 1396 1803 1440 enim

303 1474 548 1534 opinionis
575 1487 795 1518 errorem
819 1471 954 1517 nullo
978 1472 1129 1518 modo
1154 1471 1372 1518 sustulit.

227 1561 283 1599 46
368 1548 476 1596 XV.
515 1548 542 1564 “
568 1548 736 1607 Quam
767 1549 831 1595 ob
862 1565 971 1595 rem
1004 1566 1118 1595 cum
1151 1549 1281 1596 duae
1314 1565 1496 1596 causae
1527 1551 1803 1612 perspicuis

305 1635 358 1674 et
403 1627 722 1674 evidentibus
765 1627 916 1673 rebus
963 1627 1311 1682 adversentur,
1356 1626 1542 1673 auxilia
1585 1627 1803 1674 totidem

303 1711 422 1751 sunt
451 1711 628 1751 contra
657 1704 1009 1766 comparanda.
1075 1704 1390 1751 Adversatur
1421 1707 1555 1750 enim
1584 1707 1802 1767 primum

303 1782 440 1846 quod
484 1798 664 1844 parum
710 1782 941 1845 defigunt
989 1784 1180 1828 animos
1227 1788 1281 1828 et
1325 1782 1602 1829 intendunt
1644 1784 1697 1828 in
1742 1797 1804 1828 ea

304 1876 436 1922 quae
472 1862 738 1922 perspicua
775 1866 893 1906 sunt
929 1866 988 1906 ut
1024 1866 1218 1922 quanta
1252 1858 1363 1906 luce
1407 1875 1468 1906 ea
1503 1857 1805 1906 circumfusa

305 1941 405 1984 sint
437 1940 633 2000 possint
666 1952 974 2000 agnoscere3
1020 1936 1236 1983 alterum
1270 1944 1349 1983 est
1377 1937 1514 2000 quod
1541 1935 1803 1983 fallacibus

304 2022 358 2061 et
415 2017 653 2076 captiosis
706 2015 1187 2078 interrogationibus
1233 2017 1592 2078 circumscripti
1646 2021 1802 2077 atque

304 2093 507 2154 decepti
554 2092 778 2154 quidam,
820 2108 934 2138 cum
982 2108 1067 2138 eas
1109 2091 1380 2138 dissolvere
1427 2108 1528 2138 non
1572 2097 1802 2155 possunt,

303 2170 589 2216 desciscunt
615 2186 644 2215 a
669 2172 900 2216 veritate.
963 2169 1183 2232 Oportet
1208 2172 1363 2233 igitur
1388 2176 1442 2216 et
1468 2185 1530 2215 ea
1553 2185 1684 2232 quae
1710 2185 1800 2231 pro

301 2250 665 2311 perspicuitate
692 2246 985 2310 responderi
1012 2253 1224 2309 possunt
1250 2250 1301 2292 in
1327 2253 1568 2310 promptu
1592 2244 1801 2302 habere,

801 2365 815 2388 ¹
848 2363 1102 2416 [Epicurus]
1125 2364 1291 2405 Baiter.

361 2486 378 2504 ⁰
411 2480 549 2529 Quasi
577 2480 838 2532 quibusdam
874 2479 1002 2519 mark
1033 2480 1292 2531 praestiqiis
1325 2492 1374 2520 as
1402 2493 1430 2520 a
1463 2479 1724 2520 translation
1753 2477 1800 2520 of

305 2539 553 2584 σοφίσματα,
575 2534 876 2586 paraphrased
898 2534 959 2587 by
979 2534 1268 2586 captionibus.

303 2605 398 2647 524
