1919 3006
934 228 1186 278 CICERO

376 388 389 402 .
419 388 432 401 .
465 390 475 401 .
507 360 627 412 quod
649 373 695 400 re
716 360 759 399 in
781 372 955 400 summa
977 373 1203 400 summum
1223 372 1318 401 esse
1337 359 1526 402 arbitror

373 413 601 466 periclum,
624 418 785 454 matres
807 415 1084 466 coinquinari
1104 416 1262 467 regias,

374 469 667 509 contaminari
688 469 869 520 stirpem
891 481 943 509 ac
964 469 1154 510 misceri¹
1173 480 1329 522 genus.

323 586 396 634 At
435 586 488 632 id
528 588 693 649 ipsum
736 602 889 649 quam
931 585 1128 643 callide,
1170 588 1257 650 qui
1298 601 1513 651 regnum
1556 585 1805 634 adulterio

324 674 628 731 quaereret:

374 795 508 837 adde²
529 796 708 849 (inquit)
731 795 831 842 huc,
854 795 974 849 quod
997 796 1106 837 mihi
1126 800 1330 850 portento
1351 796 1590 839 caelestum
1610 800 1737 850 pater

375 850 628 903 prodigium
651 852 783 898 misit,
805 852 931 903 regni
951 850 1201 892 stabilimen
1225 852 1325 899 mei,

373 918 542 957 agnum
564 906 677 945 inter
696 903 887 957 pecudes
909 918 1043 946 aurea
1063 904 1233 946 Clarum
1252 918 1383 946 coma

375 958 603 1012 quondam
625 958 864 1010 Thyestem
885 958 1054 1011 clepere
1075 972 1235 1000 ausum
1256 972 1349 1000 esse
1369 973 1393 1000 e
1413 960 1550 1013 regia,

375 1026 465 1066 qua
485 1014 530 1054 in
551 1027 597 1054 re
617 1012 879 1054 adiutricem
899 1015 1136 1066 coniugem
1157 1015 1273 1066 cepit
1293 1013 1390 1054 sibi.

233 1126 288 1167 69
314 1120 358 1165 V
359 1120 594 1167 ideturne
624 1136 821 1167 summa
852 1120 1163 1183 inprobitate
1196 1136 1313 1167 usus
1346 1137 1448 1168 non
1473 1122 1580 1168 sine
1609 1136 1806 1168 summa

312 1217 422 1249 esse
450 1204 647 1248 ratione
671 1201 688 1248 ?
748 1201 794 1248 N
799 1217 855 1248 ec
879 1217 998 1249 vero
1023 1218 1206 1248 scaena
1229 1200 1390 1248 solum
1413 1200 1603 1249 referta
1628 1208 1707 1249 est
1729 1200 1805 1248 his

311 1282 599 1340 sceleribus,
614 1283 705 1330 sed
723 1281 906 1330 multo⁸
926 1285 1029 1330 vita
1044 1286 1321 1330 communis
1336 1299 1501 1346 paene
1516 1283 1803 1330 maioribus.

311 1363 479 1411 Sentit
525 1364 703 1412 domus
741 1366 888 1411 unius
928 1367 1190 1427 cuiusque,
1229 1367 1387 1412 sentit
1425 1362 1607 1421 forum,
1649 1367 1806 1412 sentit

310 1449 448 1493 curia
482 1462 689 1510 campus
725 1449 843 1493 socii
878 1448 1183 1510 provinciae,
1220 1452 1276 1493 ut
1310 1461 1464 1510 quem
1500 1446 1566 1494 ad
1598 1446 1805 1494 modum

310 1530 509 1575 ratione
547 1534 687 1574 recte
730 1526 820 1574 fiat
850 1531 919 1574 sic
950 1530 1147 1574 ratione
1187 1533 1445 1590 peccetur,
1488 1526 1806 1592 alterumque

311 1616 366 1657 et
395 1626 425 1656 a
455 1612 627 1673 paucis
659 1616 713 1657 et
741 1626 871 1666 raro,
909 1608 1126 1656 alterum
1157 1615 1211 1656 et
1240 1625 1393 1672 saepe
1423 1615 1478 1656 et
1506 1625 1537 1656 a
1563 1608 1806 1673 plurimis,

311 1698 370 1738 ut
421 1694 578 1738 satius
631 1689 787 1738 fuerit
838 1690 1028 1737 nullam
1076 1693 1281 1738 omnino
1334 1691 1477 1738 nobis
1524 1706 1556 1738 a
1600 1691 1676 1739 dis
1733 1694 1807 1738 in-

310 1772 605 1820 mortalibus
648 1773 821 1819 datam
866 1788 975 1820 esse
1011 1775 1261 1819 rationem
1304 1788 1457 1836 quam
1497 1778 1646 1820 tanta
1691 1789 1804 1820 cum

310 1857 531 1918 pernicie
579 1854 768 1901 datam.
843 1853 918 1901 Ut
956 1856 1127 1900 vinum
1167 1856 1405 1918 aegrotis,
1444 1856 1563 1918 quia
1597 1855 1806 1918 prodest

310 1952 420 1983 raro
454 1943 604 1983 nocet
639 1939 950 1999 saepissime,
974 1934 1153 1982 melius
1180 1942 1258 1982 est
1293 1951 1394 1982 non
1431 1934 1673 1983 adhibere
1702 1952 1806 1983 om-

316 2021 434 2065 nino
464 2034 616 2081 quam
646 2034 736 2081 spe
766 2018 951 2065 dubiae
981 2016 1156 2064 salutis
1184 2019 1237 2063 in
1266 2023 1498 2080 apertam
1529 2019 1803 2081 perniciem

309 2102 580 2156 incurrere,
624 2102 693 2146 sic
736 2098 873 2146 haud
916 2101 1016 2146 scio
1060 2114 1125 2145 an
1168 2097 1347 2145 melius
1390 2096 1546 2146 fuerit
1581 2097 1802 2146 humano

308 2183 483 2245 generi
517 2187 713 2228 motum
750 2183 904 2228 istum
940 2179 1158 2227 celerem
1194 2182 1533 2244 cogitationis,
1570 2196 1801 2237 acumen,

309 2261 598 2320 sollertiam,
630 2279 781 2326 quam
815 2265 1065 2309 rationem
1097 2277 1350 2318 vocamus,
1380 2264 1619 2325 quoniam
1646 2264 1800 2325 pesti-

307 2343 417 2391 fera
443 2350 522 2392 est
546 2343 737 2400 multis,
764 2343 1038 2391 admodum
1072 2345 1245 2406 paucis
1281 2341 1533 2395 salutaris.
1559 2359 1660 2391 non
1692 2343 1798 2391 dari

641 2479 660 2508 ¹
689 2482 934 2561 acamisceri
954 2479 1140 2544 Ribbech
1161 2497 1172 2522 t
1205 2480 1454 2524 admisceri.

738 2589 757 2616 ·
784 2533 1175 2641 samm}
1188 2535 1369 2643 2122}ae

319 2659 416 2704 852
