1853 3001
901 184 1153 232 CICERO

287 314 444 378 qualis
494 314 577 362 ille
628 318 909 361 maritimus
959 314 1135 361 Triton
1185 317 1428 378 pingitur,
1477 315 1772 362 natantibus

281 391 522 439 invehens
579 392 739 439 beluis
798 392 1045 438 adiunctis
1101 391 1322 438 humano
1378 395 1589 455 corpori,
1645 390 1770 438 nolis

281 470 428 516 esse?
497 469 698 516 Difficili
739 472 790 515 in
831 468 938 516 loco
975 485 1172 525 versor;
1216 476 1294 516 est
1336 472 1471 516 enim
1510 471 1582 516 vis
1622 475 1770 516 tanta

281 553 493 593 naturae
540 553 598 593 ut
643 545 793 593 homo
840 562 989 593 nemo
1035 546 1158 593 velit
1202 549 1296 593 nisi
1340 544 1554 593 hominis
1600 545 1770 593 similis

205 627 258 669 79
283 630 514 671 esse—et
545 624 750 687 quidem
775 622 982 670 formica
1006 622 1244 671 formicae
1267 639 1279 680 3
1320 624 1410 671 sed
1434 630 1608 670 tamen
1633 626 1772 670 cuius

280 698 536 748 hominis?
619 708 802 764 quotus
867 704 1002 747 enim
1065 704 1278 764 quisque
1340 699 1585 748 formosus
1650 700 1771 748 est?

282 777 498 825 Athenis
552 796 666 825 cum
720 795 899 835 essem,
953 795 981 825 e
1033 780 1272 842 gregibus
1325 777 1637 841 epheborum
1688 780 1770 824 vix

281 855 462 918 singuli
532 857 1130 918 reperiebantur—video
1198 856 1320 919 quid
1377 856 1626 911 adriseris,
1682 855 1772 902 sed

282 935 354 978 ita
397 940 573 979 tamen
616 949 670 980 se
713 949 792 979 res
836 932 1007 980 habet.
1079 933 1280 980 Deinde
1324 934 1484 988 nobis,
1529 935 1615 996 qui
1657 949 1772 979 con-

281 1010 579 1057 cedentibus
607 1009 914 1073 philosophis
944 1013 1163 1074 antiquis
1192 1009 1581 1057 adulescentulis
1609 1008 1773 1057 delec-

282 1093 468 1143 tamur,
496 1090 651 1134 etiam
677 1091 799 1134 vitia
829 1104 980 1151 saepe
1009 1088 1229 1135 iucunda
1257 1094 1389 1134 sunt.
1459 1086 1471 1103 ‘
1491 1087 1692 1133 Naevus
1719 1089 1770 1132 in

282 1164 491 1211 articulo
533 1168 677 1228 pueri
716 1164 970 1212 delectat’
1009 1165 1290 1221 Alcaeum3
1348 1171 1401 1212 at
1439 1171 1517 1211 est
1554 1166 1773 1227 corporis

282 1241 479 1288 macula
520 1258 743 1298 naevus3
803 1242 872 1288 illi
921 1250 1096 1289 tamen
1138 1242 1232 1290 hoc
1274 1242 1446 1289 lumen
1489 1242 1771 1289 videbatur.

285 1317 345 1376 Q.
378 1318 604 1375 Catulus,
632 1319 779 1367 huius
807 1319 1031 1384 collegae
1061 1327 1115 1367 et
1141 1319 1398 1366 familiaris
1425 1322 1582 1366 nostri
1609 1325 1774 1381 pater,

282 1395 462 1443 dilexit
501 1400 809 1460 municipem
849 1404 996 1445 tuum
1038 1397 1291 1454 Roscium,
1330 1400 1383 1444 in
1423 1413 1577 1461 quem
1619 1399 1774 1442 etiam

281 1472 406 1521 illud
428 1481 506 1521 est
529 1477 634 1522 eius
659 1491 670 1522 :

400 1584 682 1623 constiteram
703 1584 970 1624 exorientem
991 1584 1213 1624 Auroram
1235 1583 1348 1623 forte
1367 1581 1580 1631 salutans,

457 1659 559 1687 curn
581 1647 726 1687 subito
748 1661 774 1688 a
795 1647 920 1688 laeva
943 1648 1128 1688 Roscius
1149 1649 1354 1688 exoritur.

400 1722 509 1762 pace
531 1711 639 1751 mihi
659 1710 800 1759 liceat,
823 1711 1044 1759 caelestes,
1066 1711 1209 1752 dicere
1230 1715 1403 1754 vestraz

458 1774 654 1815 mortalis
674 1777 812 1816 visust
832 1775 1055 1828 pulchrior
1077 1789 1169 1816 esse
1190 1775 1287 1816 deo.

283 1879 414 1927 Huic
439 1881 534 1928 deo
557 1881 809 1944 pulchrior
833 1897 844 1938 ;
888 1889 941 1929 at
965 1889 1092 1938 erat,
1116 1885 1261 1929 sicuti
1284 1881 1434 1929 hodie
1459 1888 1554 1938 est,
1576 1897 1775 1944 perver-

284 1960 486 2005 sissimis
515 1959 667 2005 oculis
693 1976 702 2005 :
750 1960 871 2022 quid
898 1958 1072 2016 refert,
1100 1962 1140 2006 si
1173 1958 1267 2006 hoc
1293 1962 1458 2022 ipsum
1485 1958 1671 2006 salsum
1703 1957 1774 2004 illi

284 2042 338 2081 et
374 2043 642 2082 venustum
682 2037 988 2083 videbatur?

203 2117 259 2157 80
347 2111 374 2127 “
397 2112 570 2160 Redeo
619 2114 683 2161 ad
731 2114 866 2161 deos.
938 2114 1128 2161 XXIX.
1167 2114 1366 2178 Ecquos
1413 2116 1454 2160 si
1501 2130 1602 2160 non
1648 2117 1775 2160 tam¹

282 2190 544 2236 strabones
565 2198 619 2237 at
637 2191 869 2253 paetulos
891 2208 999 2238 esse
1019 2192 1338 2247 arbitramur,
1355 2207 1538 2253 ecquos
1559 2206 1774 2236 naevum

283 2264 489 2323 habere,
511 2283 693 2331 ecquos
720 2267 833 2314 silos
863 2268 1040 2315 flaccos
1066 2267 1325 2315 frontones
1345 2271 1622 2331 capitones,
1642 2281 1774 2330 quae

827 2375 843 2400 ¹
875 2378 963 2416 iam
988 2376 1210 2417 Heinsius.
1852 2402 1853 2440 i

339 2528 357 2546 ⁰
387 2521 481 2564 The
503 2522 634 2563 Latin
657 2524 691 2563 is
712 2527 811 2575 part
830 2523 881 2564 of
895 2536 923 2564 a
941 2536 1063 2564 verse
1082 2523 1198 2564 from
1219 2537 1276 2564 an
1298 2522 1527 2564 unknown
1547 2534 1716 2564 source.
1849 2499 1852 2557 l

290 2585 352 2635 76
1847 2563 1853 2633 l

1851 2622 1853 2636 A

1851 2647 1853 2655 ι
