1919 3006
966 170 1219 219 CICERO

342 303 518 364 positis
546 300 778 363 deprimi,
806 302 876 346 sic
905 302 1129 346 animum
1155 302 1432 362 perspicuis
1459 299 1642 348 cedere
1665 315 1678 348 t
1722 317 1841 348 nam

343 385 443 432 quo
471 368 622 414 modo
651 383 753 413 non
781 374 955 429 potest
985 366 1170 413 animal
1198 366 1356 413 ullum
1385 383 1488 414 non
1516 368 1761 430 adpetere
1789 368 1842 415 id

343 436 480 500 quod
500 435 937 482 accommodatum
959 434 1024 481 ad
1043 441 1279 481 naturam
1301 435 1547 497 adpareat
1567 435 1770 499 (Graeci
1789 435 1843 483 id

343 503 516 550 οἰκεῖον
542 501 840 565 appellant),
866 504 934 548 sic
959 518 1060 548 non
1092 509 1264 564 potest
1297 503 1550 549 obiectam
1585 518 1695 549 rem
1730 519 1844 566 per-

343 573 568 633 spicuam
584 586 685 616 non
702 569 997 632 adprobare.
1067 569 1409 632 Quamquam,
1425 572 1465 616 si
1480 569 1565 616 illa
1579 570 1644 617 de
1660 571 1843 633 quibus

343 638 662 700 disputatum
688 644 765 683 est
791 653 910 682 vera
934 643 1069 691 sunt,
1094 635 1216 683 nihil
1242 640 1431 684 attinet
1454 637 1519 684 de
1544 637 1843 684 adsensione

343 707 546 752 omnino
589 703 726 767 loqui
751 720 761 759 ;
825 707 909 767 qui
955 707 1090 750 enim
1134 705 1256 767 quid
1298 707 1514 767 percipit
1558 705 1844 751 adsentitur

344 775 533 819 statim.
604 770 705 818 Sed
737 770 863 817 haec
898 774 1054 817 etiam
1087 778 1387 834 sequuntur,
1420 788 1514 818 nec
1545 775 1843 818 memoriam

343 842 450 886 sine
473 839 771 886 adsensione
793 855 940 901 posse
962 845 1194 885 constare
1216 855 1310 885 nec
1331 842 1538 886 notitias
1559 855 1728 886 rerum
1749 855 1844 886 nec

344 914 514 961 artes3
566 907 721 969 idque
758 906 893 968 quod
928 909 1207 952 maximum
1244 913 1339 961 est,
1374 913 1433 953 ut
1467 909 1533 953 sit
1568 906 1758 969 aliquid
1790 909 1844 953 in

343 981 516 1021 nostra
547 980 826 1036 potestate,
856 976 908 1018 in
938 989 997 1019 eo
1029 977 1114 1036 qui
1142 976 1215 1019 rei
1244 973 1366 1020 nulli
1397 974 1714 1020 adsentietur
1742 990 1843 1020 non

344 1044 474 1088 erit:
535 1042 620 1087 ubi
662 1044 817 1104 igitur
857 1044 1032 1096 virtus,
1074 1043 1114 1087 si
1155 1040 1278 1087 nihil
1318 1044 1472 1087 situm
1514 1048 1593 1088 est
1630 1044 1684 1087 in
1723 1043 1843 1103 ipsis

262 1115 317 1156 39
343 1109 527 1155 nobis?
597 1108 826 1154 Maxime
863 1115 1037 1155 autem
1073 1109 1346 1155 absurdum
1380 1111 1504 1155 vitia
1535 1111 1588 1155 in
1619 1111 1843 1172 ipsorum

344 1192 452 1222 esse
480 1182 741 1238 potestate
769 1191 937 1238 neque
965 1191 1176 1238 peccare
1205 1192 1515 1238 quemquam
1542 1178 1637 1222 nisi
1665 1176 1843 1223 adsen-

342 1246 499 1298 sione,
524 1241 618 1289 hoc
642 1243 779 1289 idem
804 1245 856 1288 in
881 1245 1070 1289 virtute
1096 1259 1197 1289 non
1224 1259 1350 1299 esse,
1376 1246 1516 1290 cuius
1541 1245 1701 1290 omnis
1727 1259 1842 1289 con-

342 1313 533 1357 stantia
555 1317 608 1356 et
630 1310 839 1356 firmitas
864 1326 927 1356 ex
948 1313 1007 1356 iis
1028 1311 1178 1356 rebus
1202 1317 1402 1357 constat
1424 1311 1605 1374 quibus
1629 1311 1843 1358 adsensa

343 1385 419 1424 est
472 1385 526 1424 et
577 1394 701 1440 quas
753 1378 1066 1440 adprobavit.
1138 1377 1461 1441 Omninoque
1512 1384 1633 1425 ante
1683 1378 1842 1424 videri

343 1444 533 1508 aliquid
563 1461 716 1508 quam
748 1461 957 1508 agamus
987 1461 1194 1491 necesse
1227 1452 1305 1491 est
1336 1448 1485 1508 eique
1515 1445 1652 1509 quod
1680 1447 1841 1491 visum

342 1516 407 1559 sit
433 1513 787 1559 adsentiatur}
855 1511 1026 1570 Quare
1052 1515 1135 1575 qui
1163 1519 1251 1559 aut
1274 1515 1435 1559 visum
1460 1519 1549 1560 aut
1572 1513 1842 1560 adsensum

341 1579 491 1635 tollit,
514 1583 555 1626 is
580 1596 783 1626 omnem
810 1582 1061 1626 actionem
1085 1579 1219 1626 tollit
1244 1596 1271 1626 e
1295 1582 1414 1627 vita.

263 1657 318 1697 40
406 1646 554 1693 XIII.
594 1646 621 1662 “
648 1647 793 1693 Nunc
841 1663 902 1693 ea
947 1647 1206 1693 videamus
1254 1663 1385 1710 quae
1432 1653 1609 1694 contra
1654 1647 1718 1693 ab
1763 1645 1840 1694 his

342 1714 589 1776 disputari
630 1713 811 1761 solent.
888 1712 990 1760 Sed
1030 1717 1167 1777 prius
1208 1717 1423 1776 potestis
1465 1717 1623 1761 totius
1666 1729 1840 1761 eorum

340 1784 548 1828 rationis
583 1784 726 1844 quasi
759 1780 1097 1828 fundamenta
1129 1797 1446 1844 cognoscere.
1515 1781 1840 1844 Componunt

341 1851 497 1912 igitur
545 1852 763 1911 primum
814 1855 977 1895 artem
1028 1849 1284 1911 quandam
1333 1849 1397 1896 de
1445 1851 1505 1895 iis
1555 1865 1685 1912 quae
1735 1851 1839 1895 visa

342 1917 570 1971 dicimus,
597 1932 873 1978 eorumque
900 1922 954 1963 et
978 1918 1077 1962 vim
1104 1922 1158 1962 et
1181 1932 1373 1979 genera
1397 1916 1663 1971 definiunt,
1687 1919 1739 1961 in
1762 1914 1839 1962 his

342 1983 490 2046 quale
513 1987 577 2030 sit
598 1984 649 2030 id
671 1983 807 2046 quod
827 1986 1016 2046 percipi
1039 1990 1093 2030 et
1112 1983 1404 2046 comprendi
1424 1986 1600 2045 possit,
1620 1983 1838 2030 totidem

345 2052 506 2098 verbis
538 2058 664 2114 quot
696 2050 863 2097 Stoici.
932 2050 1133 2097 Deinde
1164 2049 1250 2096 illa
1281 2057 1544 2113 exponunt
1575 2050 1675 2098 duo
1707 2065 1838 2113 quae

562 2148 577 2171 ¹
608 2148 911 2188 adsentiamur
931 2147 1093 2187 Davies
1110 2164 1119 2187 :
1141 2147 1351 2188 adsentiri
1371 2147 1623 2188 Lambinus.

400 2257 417 2276 ‘¹
449 2252 532 2293 See
555 2256 573 2299 ἓ
597 2256 650 2293 30
675 2266 716 2292 n.
1285 2252 1301 2277 ⁶
1333 2252 1416 2293 See
1438 2253 1465 2293 i.
1487 2255 1541 2293 32
1563 2265 1607 2293 n.

404 2311 419 2331 ⁶
451 2306 590 2355 Quasi
645 2305 798 2346 marks
849 2319 877 2346 a
923 2307 1136 2346 tentative
1184 2305 1422 2360 rendering
1469 2306 1520 2347 of
1561 2308 1737 2354 θεμέλιοι
1786 2318 1835 2347 as

341 2360 446 2401 does
484 2360 708 2412 quandam
738 2360 833 2412 just
870 2358 1011 2400 below
1052 2373 1135 2400 one
1177 2359 1227 2400 of
1261 2363 1387 2411 τέχνη
1432 2363 1689 2410 φαντασιῶνς
1744 2359 1834 2400 and

339 2413 604 2466 apparently
631 2413 724 2454 also
751 2415 879 2465 quasi
903 2414 1154 2454 contineant
1180 2413 1358 2454 renders
1385 2427 1507 2454 some
1534 2413 1659 2454 other
1685 2412 1832 2456 Greek

341 2467 558 2509 teclinical
577 2472 702 2513 terni,
726 2469 915 2519 perhaps
938 2472 1150 2516 συνέχεινς
1187 2468 1244 2520 cs.
1266 2472 1308 2516 §5
1327 2471 1398 2515 20,
1423 2471 1518 2510 107.

396 2522 415 2546 ‘¹
444 2521 499 2561 Id
528 2551 541 2564 .
569 2550 583 2564 .
614 2551 625 2564 .
654 2523 896 2573 possitzrb
917 2524 1188 2570 καταληπτόν.

341 2586 436 2633 516
