1853 3001
881 146 1133 195 CICERO

260 279 485 327 videntia
519 278 730 326 deorum
754 277 1000 324 mundum
1026 283 1080 324 et
1105 293 1278 323 omnes
1303 275 1478 323 mundi
1502 281 1674 338 partes
1700 280 1753 322 et

259 357 403 402 initio
428 356 729 400 constitutas
756 368 865 399 esse
890 359 943 399 et
967 355 1101 398 omni
1125 359 1357 414 tempore
1381 351 1716 398 administrari
1741 365 1754 406 ;

261 445 477 492 eamque
519 429 918 491 disputationem
972 430 1061 474 tris
1116 430 1167 473 in
1222 433 1394 489 partes
1441 428 1598 472 nostri
1644 423 1753 472 fere

260 504 509 560 dividunt,
536 519 747 566 quarum
773 505 935 564 prima
959 518 1072 564 pars
1100 509 1178 548 est
1203 517 1334 564 quae
1359 501 1560 548 ducitur
1592 501 1656 548 ab
1693 516 1754 548 ea

260 581 457 625 ratione
502 593 634 641 quae
678 576 829 623 docet
875 592 983 622 esse
1019 576 1140 622 deos
1165 590 1176 631 3
1231 592 1330 639 quo
1365 591 1601 622 concesso
1644 591 1759 622 con-

263 652 513 700 fitendum
550 658 629 698 est
667 667 841 697 eorum
878 650 1081 696 consilio
1117 650 1364 696 mundum
1402 649 1758 697 administrari.

261 727 494 775 Secunda
525 733 604 773 est
635 733 810 772 autem
842 742 973 788 quae
1005 726 1156 772 docet
1187 741 1361 771 omnes
1393 741 1472 771 res
1504 724 1759 772 subiectas

262 819 371 850 esse
402 809 615 848 naturae
646 804 889 847 sentienti
920 801 983 847 ab
1015 816 1177 863 eaque
1207 803 1377 846 omnia
1404 798 1759 862 pulcherrume

260 880 369 941 geri
393 891 404 932 3
487 892 587 939 quo
651 879 931 922 constituto
993 878 1225 937 sequitur
1288 874 1352 921 ab
1416 874 1759 922 animantibus

253 954 505 1016 principiis
561 966 622 997 ea
676 967 785 997 esse
838 954 1124 1013 generata.¹
1220 948 1422 996 Tertius
1485 956 1564 996 est
1622 948 1760 997 locus

261 1030 346 1091 qui
373 1027 574 1074 ducitur
600 1042 662 1072 ex
694 1025 1028 1073 admiratione
1064 1041 1234 1071 rerum
1270 1023 1567 1071 caelestium
1603 1031 1760 1089 atque

260 1104 591 1149 terrestrium.

182 1186 235 1227 76
322 1174 351 1193 “
376 1175 599 1222 Primum
626 1177 781 1238 igitur
807 1180 897 1221 aut
921 1173 1214 1238 negandum
1241 1179 1320 1220 est
1340 1189 1450 1220 esse
1466 1173 1606 1230 deos,
1623 1173 1759 1237 quod

262 1258 316 1299 et
342 1250 666 1298 Democritus
694 1248 961 1296 simulacra
989 1256 1042 1296 et
1068 1249 1314 1311 Epicurus
1340 1251 1588 1313 imagines
1614 1250 1759 1297 indu-

263 1343 378 1374 cens
398 1325 619 1389 quodam
635 1332 787 1388 pacto
805 1331 979 1388 negat,
998 1331 1087 1371 aut
1104 1327 1190 1387 qui
1207 1323 1328 1371 deos
1348 1340 1457 1371 esse
1475 1325 1757 1373 concedant

259 1405 317 1449 iis
340 1400 609 1448 fatendum
633 1406 712 1447 est
735 1416 819 1446 eos
844 1399 1033 1462 ahquid
1057 1415 1210 1463 agere
1231 1399 1387 1463 idque
1408 1398 1723 1462 praeclarum
1744 1415 1758 1457 ;

261 1475 383 1523 nihil
417 1482 496 1523 est
528 1482 704 1522 autem
735 1474 1039 1537 praeclarius
1072 1474 1249 1522 mundi
1281 1474 1759 1532 administratione;

259 1551 470 1600 deorum
494 1554 651 1614 igitur
675 1549 879 1597 consilio
905 1550 1301 1597 administratur.
1371 1549 1521 1609 Quod
1545 1553 1587 1599 si
1611 1550 1760 1599 aliter

262 1634 357 1683 est,
384 1626 573 1689 aliquid
598 1624 828 1689 profecto
853 1629 920 1672 sit
943 1641 1151 1672 necesse
1178 1632 1258 1672 est
1281 1625 1461 1673 meiius
1489 1633 1543 1674 et
1566 1630 1758 1675 maiore

260 1705 307 1749 vi
336 1702 627 1765 praeditum
658 1717 811 1763 quam
842 1700 985 1756 deus,
1016 1699 1166 1764 quale
1195 1700 1248 1748 id
1277 1716 1495 1764 cumque
1527 1708 1622 1758 est,
1653 1705 1759 1750 sive

260 1779 481 1822 inanima
501 1782 685 1821 natura
705 1777 809 1821 sive
830 1777 1104 1821 necessitas
1126 1777 1174 1821 vi
1192 1791 1381 1838 magna
1400 1778 1611 1822 incitata
1631 1775 1758 1824 haec

177 1857 231 1898 77
258 1849 593 1913 pulcherrima
629 1866 783 1912 opera
820 1849 1037 1896 efficiens
1069 1865 1200 1912 quae
1231 1850 1494 1906 videmus;
1542 1867 1642 1897 non
1679 1857 1758 1898 est

262 1929 416 1989 igitur
439 1933 621 1971 natura
645 1925 852 1972 deorum
878 1931 1185 1987 praepotens
1210 1941 1377 1988 neque
1402 1925 1670 1982 excellens,
1694 1929 1757 1973 si-

261 2000 466 2063 quidem
494 2016 554 2046 63
580 2000 809 2046 subiecta
835 2006 913 2046 est
940 2002 986 2045 ei
1012 1998 1092 2046 vel
1116 2003 1410 2046 necessitati
1437 1999 1517 2046 vel
1541 2007 1754 2047 naturae

261 2091 362 2138 qua
387 2074 581 2121 caelum
607 2078 766 2120 maria
791 2081 959 2120 terrae
983 2081 1242 2137 regantur.
1316 2073 1450 2121 Nihil
1476 2082 1554 2121 est
1580 2082 1754 2122 autem

260 2152 602 2212 praestantius
633 2149 761 2204 deo3
792 2149 855 2195 ab
887 2164 947 2195 eo
977 2151 1132 2212 igitur
1160 2148 1405 2195 mundum
1437 2165 1642 2196 necesse
1674 2155 1755 2198 est

259 2226 368 2287 regi
391 2238 402 2279 3
441 2223 562 2269 nulli
584 2226 738 2286 igitur
760 2229 838 2270 est
858 2230 1072 2270 naturae
1093 2223 1366 2270 oboediens
1388 2230 1478 2270 aut
1496 2224 1752 2271 subiectus

259 2298 401 2355 deus,
439 2314 640 2345 omnem
679 2313 799 2361 ergo
834 2301 968 2361 regit
1004 2301 1110 2360 ipse
1146 2304 1395 2344 naturam.
1466 2298 1671 2345 Etenim
1712 2301 1752 2346 si

319 2426 335 2451 ¹
368 2440 419 2467 ea
438 2439 530 2467 6556
548 2430 758 2479 generata
781 2427 883 2467 dett.
901 2443 912 2467 x
943 2439 1041 2466 eam
1065 2440 1101 2466 e.
1118 2430 1374 2478 generatam
1388 2427 1449 2475 A,
1464 2426 1518 2474 B,
1541 2428 1691 2467 omnia
1711 2440 1747 2470 e·

260 2484 471 2532 generata
492 2481 728 2533 Heindorf,
749 2493 850 2521 eum
872 2493 910 2522 6.
931 2484 1190 2533 generatum
1222 2481 1404 2524 Walker.

271 2543 363 2598 196
