1853 3001
891 219 1142 269 CICERO

269 352 494 399 muribus
531 350 668 398 illam
699 358 753 398 et
790 350 1019 398 mustelis
1053 351 1372 398 aedificatam
1403 357 1759 414 putest—tan-

269 425 382 466 tum
419 436 539 482 ergo
575 426 810 466 ornatum
844 419 1038 474 mundi,
1073 425 1274 465 tantam
1309 421 1612 466 varietatem
1651 418 1763 482 pul-

270 484 711 549 chritudinemque
752 502 921 532 rerum
963 485 1276 542 caelestium,
1311 493 1512 533 tantam
1559 489 1660 533 vim
1707 492 1762 533 et

272 554 679 616 magnitudinem
703 557 854 600 maris
882 560 1037 616 atque
1063 559 1313 599 terrarum
1339 556 1379 599 si
1404 559 1552 600 tuum
1577 569 1636 600 30
1660 570 1762 600 non

272 620 482 667 deorum
510 620 852 668 inmortalium
882 619 1187 668 domicilium
1216 627 1384 683 putes,
1413 637 1581 667 nonne
1610 620 1760 683 plane

271 688 502 750 desipere
534 689 778 735 videare?
845 689 928 735 An
952 704 1016 734 ne
1041 686 1134 734 hoc
1166 688 1372 750 quidem
1402 687 1762 752 intellegimus,

273 759 442 801 omnia
496 772 679 818 supera
733 771 842 802 esse
897 754 1124 811 meliora,
1179 763 1369 802 terram
1424 762 1599 802 autem
1653 771 1763 802 esse

271 822 515 878 infimam,
581 839 735 886 quam
799 825 1130 869 crassissimus
1195 820 1564 869 circumfundat
1631 822 1762 870 aer?

273 896 331 936 ut
372 890 436 936 ob
481 905 594 935 eam
634 893 797 952 ipsam
839 906 1041 936 causam
1084 890 1221 952 quod
1262 893 1418 936 etiam
1461 890 1764 953 quibusdam

272 957 560 1019 regionibus
596 964 751 1019 atque
785 957 991 1003 urbibus
1024 960 1319 1020 contingere
1352 957 1579 1004 videmus
1611 956 1764 1003 hebe-

271 1026 402 1070 tiora
432 1031 490 1071 ut
520 1026 621 1070 sint
650 1023 911 1071 hominum
941 1027 1146 1088 ingenia
1175 1031 1384 1086 propter
1414 1023 1539 1071 caeli
1568 1023 1760 1087 plenio-

271 1096 398 1136 reml
441 1098 692 1147 naturam,
735 1089 828 1138 hoc
871 1092 1008 1138 idem
1055 1095 1231 1155 generi
1272 1091 1493 1138 humano
1536 1094 1764 1138 evenerit

272 1159 408 1220 quod
439 1161 491 1204 in
522 1166 659 1205 terra
690 1157 784 1205 hoc
818 1165 896 1205 est
928 1162 980 1204 in
1012 1162 1316 1205 crassissima
1347 1162 1555 1222 regione
1587 1158 1763 1205 mundi

197 1231 248 1270 18
271 1224 517 1273 conlocati
544 1228 659 1272 sint.
729 1226 798 1272 Et
825 1233 999 1272 tamen
1027 1242 1091 1272 ex
1118 1229 1227 1288 ipsa
1254 1225 1514 1272 hominum
1541 1225 1764 1272 sollertia

272 1308 380 1339 esse
429 1292 670 1356 aliquam²
717 1300 946 1339 mentem
1002 1300 1057 1340 et
1105 1309 1219 1339 eam
1266 1294 1472 1356 quidem
1521 1296 1762 1340 acriorem

272 1366 326 1406 et
395 1360 617 1406 divinam
687 1363 976 1407 existimare
1047 1361 1306 1407 debemus.
1407 1360 1558 1407 Unde
1629 1363 1763 1406 0111111

270 1424 402 1472 113110
438 1426 588 1474 1101110
624 1425 636 1443 ‘
660 1431 872 1490 arripuit
894 1426 905 1444 '
943 1428 1020 1490 (ut
1069 1431 1140 1475 ait
1182 1428 1318 1491 apud
1368 1426 1763 1490 Xenophontem

271 1492 560 1558 Socrates)?
629 1493 765 1552 Quin
815 1502 869 1542 et
915 1511 1144 1541 umorem
1188 1502 1242 1542 et
1284 1494 1502 1542 calorem
1554 1498 1641 1558 qui
1684 1501 1764 1541 est

269 1559 408 1608 fusus
445 1564 498 1607 in
535 1577 742 1624 corpore
781 1569 836 1609 et
872 1568 1130 1609 terrenam
1166 1565 1328 1625 ipsam
1366 1565 1611 1609 viscerum
1649 1560 1762 1608 soli-

270 1628 505 1685 ditatem,
545 1632 770 1675 animum
808 1629 1028 1692 denique
1067 1629 1207 1676 illum
1245 1629 1534 1692 spirabilem
1571 1632 1612 1676 si
1650 1632 1762 1692 quis

269 1702 484 1758 quaerat
507 1696 642 1743 unde
671 1695 967 1752 habeamus,
993 1704 1206 1759 apparet
1231 1697 1385 1760 quod³
1412 1696 1548 1743 aliud
1573 1713 1601 1742 a
1625 1703 1762 1743 terra

269 1766 571 1825 sumpsimus
613 1762 749 1811 aliud
786 1765 850 1810 ab
889 1780 1063 1810 umore
1103 1764 1238 1811 aliud
1276 1764 1340 1811 ab
1378 1767 1482 1828 igni
1522 1763 1657 1810 aliud
1695 1764 1759 1810 ab

271 1835 390 1876 aere
428 1846 488 1877 eo
525 1846 678 1893 quem
710 1834 909 1893 spiritu⁴
932 1832 1196 1878 ducimus.⁵
1263 1830 1378 1878 VII.
1419 1830 1552 1878 Illud
1587 1837 1760 1877 autem

270 1897 406 1960 quod
442 1900 596 1944 vincit
627 1896 752 1944 11300
781 1902 965 1954 omnia,
993 1902 1242 1945 rationem
1279 1899 1390 1945 dico
1427 1905 1497 1954 et,
1525 1900 1565 1944 si
1591 1897 1761 1960 placet

270 1964 494 2027 pluribus
519 1965 701 2020 verbis,
725 1973 952 2011 mentem
977 1966 1237 2012 consilium
1261 1968 1621 2029 cogitationem
1645 1981 1761 2027 pru-

271 2031 517 2088 dentiam,
533 2033 616 2078 ubi
638 2035 937 2088 invenimus,
954 2033 1088 2080 unde
1109 2032 1431 2080 sustulimus?
1491 2033 1573 2079 An
1591 2040 1760 2079 cetera

269 2099 486 2146 mundus
517 2098 728 2146 habebit
758 2103 943 2156 omnia,
975 2099 1067 2147 hoc
1098 2117 1255 2147 unum
1285 2100 1420 2163 quod
1450 2099 1651 2161 plurimi
1681 2105 1760 2146 est

269 2183 370 2212 non
420 2165 672 2213 habebit?
739 2168 898 2229 Atqui
951 2174 1090 2214 certe
1142 2166 1265 2213 nihil
1315 2170 1539 2214 omnium
1589 2182 1757 2212 rerum

269 2232 447 2280 melius
485 2241 563 2280 est
597 2235 786 2281 mundo
822 2233 944 2280 nihil
977 2234 1330 2297 praestabilius
1365 2233 1488 2280 nihil
1521 2233 1758 2296 pulcrius,

663 2319 679 2345 ²
709 2318 948 2372 pleniorem
970 2327 1167 2365 <umore>
1194 2319 1366 2360 Usener.

381 2373 400 2400 ⁸
428 2372 561 2414 aliam
582 2387 719 2426 quam
741 2373 984 2414 schamam
1002 2391 1012 2415 z
1035 2374 1230 2426 aliquam
1251 2372 1452 2419 <mundi>
1475 2372 1648 2426 Mayor.

689 2428 705 2451 ³
736 2427 880 2479 quod:
912 2441 1101 2480 quorum
1125 2427 1346 2479 Plasbery.

667 2482 683 2506 ⁴
713 2483 868 2532 spiritu
891 2482 1016 2522 edd.:
1047 2482 1251 2532 spiritum
1271 2492 1371 2521 MSS.

628 2534 644 2558 ⁶
674 2534 877 2575 ducimus
899 2536 1027 2575 (Ietta
1059 2535 1248 2575 dicimus
1269 2535 1328 2582 A,
1349 2534 1402 2575 B.

278 2659 368 2700 140
624 2604 644 2624 ⁰
673 2605 929 2651 συναρπάσαι
948 2600 1063 2641 Xen.
1088 2600 1220 2642 Mem.
1243 2603 1270 2641 i.
1291 2603 1332 2641 4.
1355 2602 1396 2641 8.
