1919 3006
903 236 1154 285 CICERO

204 378 260 420 70
283 374 484 418 omnino
507 386 659 432 quam
681 376 787 416 tam
807 367 1044 414 munifice
1066 375 1119 414 et
1140 375 1248 414 tam
1268 367 1407 431 large
1429 367 1551 414 dari.
1608 366 1774 426 Quam

281 449 345 495 ob
374 464 482 494 rem
512 450 552 493 si
580 461 723 492 mens
752 443 1087 507 voluntasque
1117 444 1285 490 divina
1312 444 1496 490 idcirco
1525 442 1775 490 consuluit

280 524 565 572 hominibus
592 521 728 585 quod
750 523 808 567 iis
836 527 914 567 est
937 519 1121 584 largita
1145 523 1412 577 rationem,
1436 523 1494 567 iis
1520 519 1634 568 solis
1659 537 1774 567 con-

282 601 436 649 suluit
475 615 598 663 quos
636 598 770 644 bona
807 600 1004 644 ratione
1043 597 1266 653 donavit,
1305 614 1429 661 quos
1467 597 1694 644 videmus
1732 600 1773 644 si

280 677 430 724 modo
465 675 552 722 ulli
587 681 706 721 sunt
741 690 850 720 esse
884 690 1178 736 perpaucos.
1249 674 1363 721 Non
1396 674 1566 737 placet
1600 681 1770 722 autem

279 759 451 820 paucis
484 772 514 802 a
545 755 620 801 dis
652 753 1001 800 inmortalibus
1035 769 1144 800 esse
1176 753 1498 810 consultum3
1547 756 1777 818 sequitur

283 850 404 896 ergo
427 839 486 879 ut
509 833 699 878 nemini
723 830 1008 877 consultum
1032 833 1111 877 sit.

347 909 591 956 XXVIII.
631 908 816 954 “Huic
856 907 964 954 loco
1004 909 1073 954 sic
1112 906 1283 954 soletis
1325 923 1620 954 occurrere:
1677 924 1778 954 non

281 988 466 1035 idcirco
497 1003 598 1032 non
631 992 840 1048 optume
872 984 1014 1030 nobis
1048 1000 1078 1030 a
1108 984 1183 1031 dis
1217 1000 1326 1030 esse
1357 987 1611 1046 provisum
1642 983 1779 1047 quod

280 1065 428 1113 multi
472 1080 646 1110 eorum
688 1061 934 1108 beneficio
977 1077 1213 1124 perverse
1257 1067 1560 1116 uterentur3
1622 1064 1778 1108 etiam

281 1144 595 1206 patrimoniis
622 1138 808 1185 multos
835 1137 967 1184 male
994 1141 1087 1194 uti,
1113 1155 1207 1184 nec
1233 1138 1297 1184 ob
1325 1154 1438 1184 eam
1464 1154 1667 1184 causam
1695 1154 1778 1184 eos

279 1217 585 1266 beneficium
615 1232 644 1262 a
673 1215 901 1278 patribus
933 1213 1126 1260 nullum
1155 1213 1360 1261 habere.
1430 1213 1778 1278 Quisquamne

280 1302 411 1344 istuc
429 1301 587 1358 negat
606 1294 624 1340 ?
652 1300 741 1339 aut
758 1309 888 1355 quae
908 1299 985 1338 est
1001 1295 1052 1338 in
1069 1292 1335 1339 collatione
1351 1296 1451 1339 ista
1465 1291 1740 1339 similitudo
1758 1293 1777 1339 ?

281 1375 389 1421 Nec
431 1376 565 1419 enim
614 1370 820 1417 Herculi
868 1387 1049 1417 nocere
1093 1370 1336 1417 Deianira
1376 1369 1535 1417 voluit
1574 1386 1690 1417 cum
1732 1372 1779 1417 ei

282 1453 509 1498 tunicam
570 1451 817 1510 sanguine
880 1445 1122 1493 Centauri
1184 1449 1399 1492 tinctam
1461 1446 1623 1502 dedit,
1683 1462 1778 1492 nec

282 1527 522 1590 prodesse
553 1522 780 1570 Pheraeo
812 1523 980 1569 Iasoni
1009 1527 1049 1570 is
1080 1526 1166 1587 qui
1195 1522 1364 1586 gladio
1394 1526 1640 1569 vomicam
1670 1525 1776 1569 eius

282 1607 482 1668 aperuit
515 1618 668 1666 quam
700 1618 878 1648 sanare
910 1601 1093 1648 medici
1125 1618 1226 1648 non
1257 1607 1548 1664 potuerant.
1619 1599 1775 1648 Multi

284 1685 418 1728 enim
450 1686 503 1727 et
532 1695 647 1725 curn
677 1679 855 1724 obesse
886 1677 1075 1725 vellent
1104 1677 1406 1741 profuerunt
1436 1685 1490 1724 et
1519 1694 1634 1724 cum
1662 1694 1775 1741 pro-

281 1759 427 1806 desse
464 1753 776 1810 obfuerunt3
828 1757 899 1801 ita
933 1771 1032 1800 non
1072 1754 1129 1801 fit
1164 1770 1227 1801 ex
1263 1770 1324 1801 eo
1358 1754 1493 1818 quod
1530 1754 1681 1801 datur
1717 1761 1775 1801 ut

280 1834 511 1881 voluntas
556 1835 661 1879 eius
705 1835 791 1894 qui
834 1831 1035 1878 dederit
1078 1839 1341 1894 appareat,
1384 1848 1480 1879 nec
1521 1835 1560 1878 si
1604 1835 1644 1879 is
1688 1835 1773 1895 qui

280 1915 475 1975 accepit
500 1911 633 1958 bene
660 1913 839 1966 utitur,
865 1910 1048 1956 idcirco
1074 1913 1114 1956 is
1143 1913 1226 1973 qui
1255 1910 1396 1957 dedit
1425 1912 1585 1957 amice
1612 1909 1770 1956 dedit.

201 1998 252 2038 71
281 1989 426 2048 Quae
470 1991 605 2035 enim
646 1986 800 2034 libido
844 2003 974 2050 quae
1019 1990 1229 2033 avaritia
1271 1987 1407 2050 quod
1448 1985 1641 2033 facinus
1683 1993 1773 2033 aut

277 2067 546 2127 suscipitur
573 2066 667 2109 nisi
697 2063 900 2109 consilio
929 2070 1079 2125 capto
1109 2070 1198 2110 aut
1226 2066 1334 2110 sine
1363 2065 1516 2110 animi
1544 2069 1690 2110 motu
1718 2069 1772 2110 et

277 2143 604 2204 cogitatione,
638 2139 689 2185 id
724 2146 801 2185 est
833 2143 1047 2195 ratione,
1080 2138 1379 2201 perficitur?
1447 2138 1579 2185 Nam
1611 2143 1771 2186 omnis

278 2219 445 2280 opinio
475 2219 604 2262 ratio
635 2222 730 2271 est,
762 2222 815 2261 et
845 2215 1052 2278 quidem
1080 2215 1215 2262 bona
1243 2218 1372 2262 ratio
1402 2217 1443 2261 si
1472 2231 1608 2271 vera,
1636 2214 1771 2261 mala

277 2302 451 2341 autem
482 2296 521 2340 si
552 2292 678 2338 falsa
709 2300 787 2339 est
817 2296 1000 2355 opinio.
1070 2292 1170 2340 Sed
1201 2309 1230 2339 a
1260 2293 1356 2340 deo
1386 2300 1590 2340 tantum
1620 2297 1770 2341 ratio-

277 2386 394 2417 nem
449 2368 712 2425 habemus,
759 2371 799 2416 si
846 2369 997 2415 modo
1044 2367 1307 2425 habemus,
1354 2368 1540 2415 bonam
1595 2376 1769 2417 autem

342 2497 361 2516 ‘¹
390 2490 536 2543 Pliny,
571 2491 694 2532 NH.
730 2492 803 2532 vii.
839 2493 909 2538 51,
943 2490 1117 2543 implies
1156 2491 1255 2531 that
1291 2490 1378 2532 this
1416 2504 1506 2532 was
1543 2505 1572 2533 a
1607 2492 1768 2532 wound

283 2545 478 2587 inflicth
510 2546 568 2597 by
600 2559 657 2585 an
687 2559 847 2597 enemy
877 2547 922 2584 in
952 2544 1116 2586 battle:
1148 2544 1332 2592 Seneca,
1361 2545 1515 2597 Renes.
1551 2545 1596 2587 ii.
1632 2548 1696 2586 18.
1727 2549 1766 2594 8.

285 2613 426 2641 seems
447 2605 491 2640 to
513 2598 654 2651 spcak
675 2600 726 2639 of
741 2598 815 2639 the
836 2603 1026 2652 attempt
1045 2600 1096 2639 of
1111 2612 1169 2640 an
1189 2601 1395 2640 assassin.

285 2670 381 2712 354
