1853 3001
887 151 1138 199 CICERO

267 281 586 329 concedimus
603 280 963 344 intellegentes
983 297 1092 328 esse
1110 281 1249 338 deoS,
1266 283 1586 330 concedimus
1607 286 1760 330 etiam

267 360 592 422 providentes
636 366 689 406 et
729 376 898 406 rerum
941 360 1147 423 quidem
1188 377 1557 409 maxumarum.
1625 361 1760 426 Ergo

267 444 439 484 utrum
468 441 705 501 ignorant
733 453 865 500 quae
894 453 973 484 res
1003 454 1274 485 maxumae
1304 441 1405 485 sint
1434 455 1637 502 quoque
1667 455 1759 486 eae

266 515 416 562 modo
439 514 738 562 tractandae
764 522 818 561 et
840 515 1083 571 tuendae,
1108 532 1172 561 an
1195 519 1295 562 vim
1319 533 1420 563 non
1442 515 1637 564 habent
1659 533 1761 580 qua

267 600 438 640 tantas
477 608 556 640 res
595 596 883 639 sustineant
923 600 976 639 et
1013 594 1238 657 gerant?
1307 595 1380 641 At
1419 601 1473 641 et
1510 597 1761 658 ignoratio

267 686 436 717 rerum
489 669 654 716 aliena
707 677 921 717 naturae
975 670 1186 717 deorum
1241 677 1319 717 est
1373 677 1427 717 et
1479 670 1760 718 sustinendi

267 751 488 794 muneris
540 755 749 810 propter
800 747 1187 794 inbecillitatem
1239 747 1502 795 difficultas
1554 751 1762 795 minime

268 826 404 873 cadit
443 828 496 872 in
535 829 861 872 maiestatem
902 825 1128 872 deorum.
1197 825 1275 872 Ex
1318 842 1417 889 quo
1458 826 1672 873 efficitur
1710 825 1763 872 id

267 903 404 966 quod
429 902 674 959 volumus,
701 903 912 950 deorum
937 903 1256 965 providentia
1279 903 1527 951 mundum
1553 904 1763 950 admini-

196 987 246 1026 78
269 983 432 1027 strari.
501 980 691 1027 XXXI.
730 981 891 1043 Atqui
938 997 1145 1027 necesse
1195 987 1273 1027 est
1311 997 1426 1027 cum
1467 983 1569 1028 sint
1609 981 1660 1028 di
1702 981 1763 1044 (si

266 1058 417 1105 modo
456 1065 592 1114 sunt,
631 1065 689 1105 ut
726 1057 956 1120 profecto
1004 1058 1142 1121 sunt)
1184 1061 1453 1105 animantis
1503 1074 1631 1115 esse,
1668 1074 1763 1105 nec

267 1135 429 1183 solum
465 1139 735 1182 animantis
771 1135 862 1182 sed
899 1138 1055 1182 etiam
1090 1139 1297 1182 rationis
1334 1142 1594 1197 compotes
1629 1138 1763 1182 inter

267 1229 424 1276 seque
442 1216 584 1276 quasi
602 1212 731 1259 civili
751 1212 1102 1260 conciliatione
1120 1221 1173 1260 et
1190 1217 1435 1260 societate
1452 1217 1762 1269 coniunctos,

267 1308 424 1338 unum
448 1291 695 1338 mundum
731 1298 790 1338 ut
826 1307 1147 1338 communem
1182 1307 1291 1338 rem
1326 1290 1581 1354 publicam
1606 1298 1762 1354 atque

189 1375 243 1418 79
266 1369 444 1415 urbem
484 1368 704 1432 aliquam
735 1371 978 1432 regentis.
1054 1367 1294 1432 Sequitur
1322 1375 1381 1415 ut
1407 1368 1588 1415 eadem
1617 1371 1683 1415 sit
1710 1371 1763 1414 in

266 1449 324 1493 iis
372 1462 503 1509 quae
552 1445 775 1492 humano
820 1449 873 1492 in
917 1461 1107 1509 genere
1153 1449 1300 1501 ratio,
1348 1445 1529 1492 eadem
1576 1448 1761 1492 veritas

267 1525 538 1588 utrobique
580 1527 646 1571 sit
689 1523 973 1587 eademque
1008 1523 1110 1580 lex,
1141 1540 1272 1587 quae
1322 1530 1400 1571 est
1445 1525 1572 1570 recti
1618 1539 1763 1586 prae-

267 1605 434 1664 ceptio
459 1604 702 1665 pravique
728 1600 972 1663 depulsio.
1042 1601 1121 1647 Ex
1160 1617 1259 1664 quo
1296 1599 1613 1664 intellegitur
1647 1616 1763 1664 pru-

267 1679 495 1726 dentiam
520 1695 722 1742 quoque
749 1685 803 1725 et
833 1685 1062 1725 mentem
1094 1695 1124 1724 a
1154 1678 1260 1725 deis
1293 1678 1358 1725 ad
1387 1677 1616 1725 homines
1651 1694 1763 1741 per-

268 1760 463 1804 venisse
482 1772 494 1812 ;
531 1757 596 1803 ob
621 1772 836 1819 eamque
857 1772 1062 1802 causam
1080 1759 1328 1802 maiorum
1346 1758 1593 1802 institutis
1612 1755 1762 1802 Mens

268 1834 417 1881 Fides
446 1833 618 1881 Virtus
649 1833 928 1881 Concordia
957 1839 1281 1880 consecratae
1312 1838 1366 1880 et
1393 1831 1594 1896 publice
1623 1832 1763 1880 dedi-

268 1919 414 1958 catae
432 1918 568 1968 sunt,
594 1927 726 1974 quae
752 1914 837 1974 qui
863 1914 1100 1958 convenit
1115 1926 1273 1973 penes
1298 1909 1419 1957 deos
1447 1925 1556 1957 esse
1573 1926 1762 1974 negare

267 2005 381 2036 cum
407 1994 601 2036 earum1
623 1995 841 2053 augusta
862 1995 916 2035 et
935 1995 1112 2035 sancta
1132 1986 1399 2035 simulacra
1418 2003 1720 2034 veneremur
1742 1987 1760 2034 ?

267 2065 459 2124 Quodsi
493 2070 627 2113 inest
660 2069 713 2113 in
745 2065 1007 2112 hominum
1041 2081 1230 2129 genere
1265 2081 1407 2112 mens
1443 2064 1567 2111 fides
1602 2067 1758 2112 virtus

267 2144 548 2199 concordia,
566 2143 702 2190 unde
717 2142 844 2190 haec
859 2146 911 2190 in
927 2150 1116 2190 terram
1133 2145 1227 2189 nisi
1244 2142 1307 2189 ab
1324 2144 1516 2204 superis
1533 2140 1757 2189 defluere

265 2221 584 2283 potuerunt?
653 2220 883 2283 Cumque
921 2223 1022 2267 sint
1059 2223 1112 2267 in
1149 2220 1291 2266 nobis
1331 2217 1590 2266 consilium
1628 2222 1757 2266 ratio

264 2299 553 2361 prudentia,
577 2314 784 2345 necesse
810 2305 888 2345 est
913 2298 1033 2345 deos
1057 2296 1183 2343 haec
1206 2300 1315 2359 ipsa
1337 2295 1527 2343 habere
1550 2299 1757 2353 maiora,

266 2391 361 2422 nec
395 2375 584 2423 habere
619 2375 780 2422 solum
815 2375 906 2422 sed
941 2378 1097 2421 etiam
1131 2377 1189 2420 iis
1225 2377 1301 2420 uti
1334 2376 1386 2421 in
1418 2376 1669 2420 maxumis
1703 2379 1758 2422 et

753 2503 771 2529 ¹
800 2516 953 2544 earum
975 2503 1040 2543 ed.
1061 2519 1071 2543 :
1104 2515 1270 2544 eorum.

276 2571 367 2620 198
