1919 3006
966 191 1217 240 CICERO

343 322 425 370 ille
454 340 554 380 me,
581 323 660 371 vel
688 323 823 387 quod
849 326 922 369 ita
948 322 1131 377 iudico,
1158 320 1511 384 politissimum
1538 328 1592 368 et
1620 321 1836 368 acutissi-

346 433 485 461 mum
515 411 739 462 omnium
769 422 971 460 nostrae
1000 415 1274 460 memoriae
1303 410 1728 476 philosophorum.
1797 411 1841 458 A

346 523 446 569 quo
474 509 694 569 primum
723 521 911 569 quaero
941 495 1280 568 quo'tandem
1306 504 1457 551 modo
1486 506 1553 551 sit
1580 506 1687 551 eius
1716 504 1843 551 Aca-

347 598 546 645 demiae
577 600 717 643 cuius
749 612 858 642 esse
890 612 943 643 se
973 595 1288 658 profiteatur.
1360 594 1435 642 Ut
1465 598 1699 642 omittam
1732 593 1845 649 alia,
1918 594 1919 610 ³

346 687 473 735 haec
509 688 608 736 duo
645 688 709 735 de
747 688 926 750 quibus
965 691 1132 750 agitur
1168 690 1277 749 quis
1315 703 1556 750 umquam
1592 686 1721 733 dixit
1757 691 1846 732 aut

347 783 532 827 veteris
557 779 867 826 Academiae
894 785 983 825 aut
1008 777 1481 840 Peripateticorum,
1506 777 1584 824 vel
1609 777 1661 825 id
1685 775 1845 824 solum

347 873 536 935 percipi
557 886 704 933 posse
727 870 863 933 quod
884 877 1019 916 esset
1040 885 1215 916 verum
1236 868 1339 916 tale
1363 868 1512 932 quale
1532 867 1715 915 falsum
1737 883 1847 914 esse

347 979 447 1010 non
505 969 696 1025 posset,
747 960 827 1008 vel
878 965 1162 1024 sapientem
1213 959 1336 1007 nihil
1387 960 1620 1023 opinari?
1693 958 1846 1007 Certe

347 1071 497 1101 nemo
522 1070 533 1100 z
576 1052 757 1101 horum
784 1059 1021 1099 neutrum
1052 1059 1171 1099 ante
1198 1052 1456 1099 Zenonem
1480 1068 1667 1116 magno
1693 1066 1847 1114 opere

348 1145 615 1193 defensum
654 1152 747 1192 est.
816 1144 928 1209 Ego
965 1151 1141 1191 tamen
1179 1151 1453 1207 utrumque
1491 1159 1668 1191 verum
1702 1149 1848 1206 put0‚

348 1255 441 1285 nec
467 1238 576 1284 dico
601 1239 843 1300 temporis
868 1252 1020 1283 causa
1044 1236 1134 1283 sed
1157 1238 1232 1282 ita
1253 1235 1404 1298 plane
1428 1236 1602 1299 probo.

245 1336 326 1377 114
413 1328 649 1376 XXXVI.
687 1327 715 1344 “
742 1327 874 1375 Illud
895 1326 1028 1374 ferre
1050 1344 1151 1374 non
1173 1343 1377 1390 possum
1401 1343 1413 1373 ι
1452 1333 1511 1374 tu
1533 1343 1647 1374 cum
1670 1341 1753 1373 me
1774 1328 1848 1372 in-

350 1424 552 1485 cognito
581 1420 821 1467 adsentiri
850 1426 993 1466 vetes
1020 1420 1174 1482 idque
1202 1421 1547 1482 turpissimum
1576 1434 1684 1465 esse
1713 1418 1857 1465 dicas

350 1520 405 1561 et
438 1512 784 1576 plenissimum
819 1514 1143 1567 temeritatis,
1178 1517 1382 1558 tantum
1416 1511 1509 1557 tibi
1545 1510 1757 1574 adroges
1791 1516 1850 1557 ut

353 1621 577 1668 exponas
605 1602 919 1666 disciplinam
946 1606 1246 1665 sapientiae,
1273 1609 1508 1649 naturam
1536 1617 1706 1648 rerum
1745 1617 1849 1648 om-

351 1699 491 1744 nium
519 1695 736 1750 evolvas,
762 1710 926 1741 mores
954 1694 1131 1758 fingas,
1160 1694 1284 1740 fines
1309 1694 1555 1740 bonorum
1582 1692 1849 1740 malorum-

351 1805 451 1853 que
472 1791 767 1841 constituas‚
788 1786 948 1833 officia
968 1786 1224 1841 discribas,
1245 1802 1398 1849 quam
1419 1788 1576 1832 vitam
1596 1785 1850 1849 ingrediar

352 1881 579 1935 definias,
618 1879 856 1942 idemque
898 1881 1053 1924 etiam
1094 1877 1386 1940 disputandi
1426 1883 1480 1924 et
1517 1875 1847 1941 intellegendi

351 1972 589 2019 iudicium
610 1971 745 2019 dicas
765 1977 817 2017 te
840 1977 893 2016 et
915 1969 1179 2016 artificium
1199 1969 1523 2024 traditurum,
1543 1968 1770 2031 perficies
1791 1974 1849 2015 ut

353 2080 448 2127 ego
482 2066 581 2110 ista
612 2061 997 2109 innumerabilia
1032 2060 1372 2123 complectens
1406 2076 1655 2122 nusquam
1687 2058 1846 2115 labar,

353 2154 473 2201 nihil
517 2157 693 2217 opiner
717 2155 734 2199 Ρ
803 2152 947 2212 Quae
993 2152 1203 2199 tandem
1249 2168 1311 2198 ea
1355 2157 1434 2198 est
1478 2150 1738 2214 disciplina
1781 2151 1846 2199 ad

354 2263 506 2310 quam
549 2261 630 2293 me
677 2245 898 2292 deducas
939 2246 979 2291 si
1025 2244 1089 2291 ab
1135 2242 1228 2290 hac
1275 2236 1617 2290 abstraxeris?
1672 2257 1847 2290 vereor

353 2354 418 2384 ne
455 2337 858 2400 subadroganter
898 2334 1051 2382 facias
1088 2338 1128 2382 si
1169 2335 1354 2382 dixeris
1395 2341 1556 2390 tuam,
1592 2336 1734 2397 atqui
1774 2337 1846 2381 ita

354 2428 489 2476 dicas
514 2444 720 2475 necesse
747 2434 839 2474 est.
911 2426 1090 2490 Neque
1115 2442 1232 2472 vero
1258 2433 1315 2472 tu
1340 2425 1471 2472 solus
1497 2425 1586 2472 sed
1611 2424 1676 2472 ad
1704 2441 1846 2472 suam

253 2532 332 2569 115
352 2518 564 2583 quisque
593 2521 772 2582 rapiet.
834 2519 967 2582 Age,
990 2521 1225 2565 restitero
1250 2516 1621 2579 Peripateticis,
1642 2519 1728 2580 qui
1751 2517 1845 2564 sibi

354 2616 450 2664 612
