1919 3006
934 158 1186 207 CICERO

316 285 527 335 habebit
551 292 746 335 exitum
769 288 787 333 ?
843 287 1135 350 Sapientiae
1159 305 1276 335 vero
1299 289 1421 352 quid
1442 288 1670 336 futurum
1694 297 1773 338 est
1793 290 1813 337 ?

316 381 449 428 quae
476 382 644 430 neque
672 367 736 413 de
764 382 818 412 se
844 369 954 429 ipsa
981 366 1216 413 dubitare
1243 367 1402 414 debet
1427 383 1595 431 neque
1623 368 1687 416 de
1714 371 1815 416 suis

319 442 537 490 decretis
584 460 716 507 quae
771 442 1054 506 philosophi
1101 451 1285 491 vocant
1329 443 1558 508 δόγματα,
1604 462 1816 509 quorum

317 521 510 568 nullum
526 525 633 568 sine
649 521 839 568 scelere
853 522 995 584 prodi
1012 525 1204 584 poterit
1227 537 1238 577 3
1272 539 1387 568 cum
1403 526 1538 569 enim
1553 523 1817 571 decretum

314 600 562 661 proditur,
596 599 679 646 lex
715 602 821 645 veri
855 602 1084 662 rectique
1119 599 1367 662 proditur,
1403 617 1503 663 quo
1540 617 1568 647 e
1603 603 1726 648 vitio
1763 607 1817 648 et

315 680 651 724 amicitiarum
686 677 997 739 proditiones
1036 683 1089 723 et
1123 693 1293 723 rerum
1328 677 1644 739 publicarum
1679 681 1814 725 nasci

316 754 495 801 solent.
572 754 687 801 Non
725 761 898 817 potest
935 757 1090 817 igitur
1130 754 1352 801 dubitari
1391 758 1514 818 quin
1552 755 1813 803 decretum

315 831 508 878 nullum
542 831 725 878 falsum
758 835 918 894 possit
953 848 1062 878 esse
1097 835 1357 894 sapientis,
1392 849 1560 895 neque
1594 836 1716 880 satis
1750 836 1816 880 sit

315 925 415 955 non
443 926 552 956 esse
578 909 760 956 falsum
787 909 877 956 sed
904 912 1060 956 etiam
1085 909 1285 965 stabile,
1311 909 1485 965 fixum,
1510 917 1679 957 ratum
1706 926 1816 957 esse

315 986 520 1043 debeat,
548 987 685 1050 quod
708 1003 914 1034 movere
939 986 1076 1033 nulla
1100 990 1230 1033 ratio
1257 994 1414 1050 queat
1438 1003 1449 1043 3
1492 987 1616 1034 talia
1641 994 1813 1034 autem

314 1080 482 1128 neque
516 1081 625 1111 esse
657 1081 826 1128 neque
858 1064 1017 1112 videri
1048 1071 1261 1127 possunt
1294 1081 1468 1111 eorum
1499 1068 1696 1112 ratione
1729 1067 1814 1128 qui

312 1142 397 1188 illa
433 1146 539 1189 visa
576 1159 604 1189 e
641 1144 823 1206 quibus
860 1145 1029 1189 omnia
1065 1142 1273 1189 decreta
1309 1149 1428 1189 sunt
1464 1149 1587 1189 nata
1621 1149 1816 1206 negant

239 1228 292 1267 28
314 1223 585 1283 quicquam
614 1237 643 1266 a
670 1219 806 1266 falsis
835 1223 1098 1266 interesse.
1160 1219 1240 1266 Ex
1267 1219 1363 1266 hoc
1385 1219 1510 1267 illud
1535 1226 1614 1267 est
1637 1227 1815 1267 natum

314 1298 451 1360 quod
499 1298 793 1361 postulabat
842 1297 1163 1353 Hortensius,
1212 1304 1272 1344 ut
1318 1297 1372 1344 id
1418 1300 1584 1359 ipsum
1632 1297 1815 1344 saltem

311 1383 613 1438 perceptum
649 1393 678 1422 a
712 1379 944 1438 sapiente
980 1375 1233 1430 diceretis,
1268 1374 1390 1421 nihil
1425 1391 1572 1437 posse
1606 1378 1812 1438 percipi.

313 1452 415 1500 Sed
448 1455 724 1516 Antipatro
758 1452 853 1500 hoc
887 1453 1024 1500 idem
1059 1452 1356 1515 postulanti,
1391 1468 1507 1499 cum
1541 1453 1735 1499 diceret
1770 1455 1813 1499 ei

313 1534 399 1594 qui
429 1531 722 1578 adfirmaret
753 1530 875 1577 nihil
905 1546 1053 1594 posse
1083 1533 1274 1593 percipi
1305 1547 1463 1576 unum
1493 1536 1670 1576 tamen
1693 1529 1815 1577 illud

312 1609 480 1655 dicere
510 1612 700 1671 percipi
731 1624 879 1671 posse
910 1614 1311 1654 consentaneum
1342 1623 1469 1663 esse,
1499 1613 1559 1653 ut
1589 1607 1686 1653 alia
1714 1623 1814 1653 non

311 1693 537 1748 possent,
567 1686 855 1733 Carneades
885 1689 1080 1732 acutius
1109 1685 1418 1740 resistebat3
1464 1701 1584 1731 nam
1611 1691 1815 1731 tantum

313 1764 491 1810 abesse
517 1765 721 1810 dicebat
747 1771 805 1810 ut
829 1764 882 1810 id
906 1770 1306 1810 consentaneum
1332 1769 1485 1817 esset,
1510 1768 1569 1808 ut
1592 1764 1814 1808 maxime

313 1845 469 1888 etiam
495 1848 808 1905 repugnaret
831 1857 842 1887 :
888 1844 975 1904 qui
1003 1843 1138 1887 enim
1163 1847 1380 1903 negaret
1405 1842 1676 1903 quicquam
1704 1855 1814 1886 esse

311 1920 448 1982 quod
478 1923 843 1982 perciperetur,
878 1935 994 1965 eum
1026 1917 1149 1964 nihil
1182 1920 1452 1980 excipere3
1500 1919 1575 1963 ita
1604 1931 1812 1963 necesse

312 2013 422 2044 esse
449 2013 513 2043 ne
540 1997 593 2044 id
619 2001 784 2059 ipsum
812 1996 1036 2059 quidem,
1064 1995 1201 2059 quod
1229 2001 1503 2057 exceptum
1529 2010 1632 2040 non
1658 2000 1811 2050 esset,

234 2083 287 2122 29
309 2075 602 2137 comprendi
627 2081 680 2121 et
703 2077 894 2137 percipi
919 2073 1019 2120 ullo
1043 2073 1194 2119 modo
1218 2088 1381 2135 posse.
1439 2069 1721 2118 Antiochus
1746 2070 1810 2118 ad

309 2155 464 2198 istum
495 2152 660 2198 locum
691 2155 910 2214 pressius
942 2151 1211 2198 videbatur
1243 2149 1521 2196 accedere:
1571 2150 1807 2212 quoniam

309 2233 445 2276 enim
469 2230 521 2276 id
544 2229 796 2276 haberent
820 2229 1113 2275 Academici
1137 2227 1402 2274 decretum
1426 2225 1647 2289 (sentitis
1674 2228 1808 2272 enim

308 2310 410 2353 iam
443 2306 538 2354 hoc
571 2323 655 2354 me
691 2306 842 2369 δόγμα
877 2305 1083 2369 dicere),
1118 2304 1241 2351 nihil
1274 2319 1422 2367 posse
1463 2305 1671 2366 percipi,
1705 2318 1806 2348 non

308 2384 498 2432 debere
544 2400 628 2431 eos
673 2387 727 2430 in
770 2400 860 2431 suo
905 2384 1112 2430 decreto
1157 2385 1287 2429 sicut
1330 2384 1384 2428 in
1427 2383 1610 2428 ceteris
1652 2379 1803 2426 rebus

357 2518 379 2539 ⁰
408 2517 577 2565 ἀσφαλῆ
597 2517 662 2554 καὶ
684 2517 975 2563 ἀμετάπτωτον
1001 2515 1078 2553 ὑπὸ
1099 2515 1224 2563 λό’γου
1244 2509 1419 2558 Sextus,
1439 2508 1571 2551 A.M.
1591 2509 1666 2550 vii.
1691 2510 1786 2550 151.

311 2584 407 2626 502
