1919 3006
943 201 1195 250 CICERO

317 334 335 355 “
359 336 591 382 arbitrari
615 332 626 349 ’
681 349 734 380 se
789 333 981 379 diceret
1036 333 1192 377 etiam
1245 330 1383 393 quod
1431 333 1541 392 ipse
1592 329 1818 384 vidisset,

322 427 558 475 quaeque
586 411 739 455 iurati
766 408 956 454 iudices
985 409 1338 470 cognovissent
1368 421 1430 452 ea
1455 422 1558 452 non
1584 412 1645 452 ut
1672 404 1682 421 ‘
1708 420 1818 452 esse

322 485 460 533 facta
483 484 492 500 ’
519 484 609 531 sed
633 491 690 530 ut
715 482 724 498 ‘
749 483 908 529 videri
932 481 941 496 '
966 483 1430 544 pronuntiarentur.

218 572 296 611 147
386 558 627 607 XLVIII.
665 556 692 573 “
717 557 908 603 Verum
972 558 1211 618 quoniam
1273 571 1375 601 non
1438 552 1599 600 solum
1660 559 1820 599 nauta

323 635 574 699 significat
611 633 701 679 sed
741 635 898 678 etiam
937 631 1184 676 Favonius
1221 633 1330 692 ipse
1368 632 1647 675 insusurrat
1683 630 1820 674 navi-

323 711 478 775 gandi
507 710 669 764 nobis,
700 706 928 761 Luculle,
957 713 1161 768 tempus
1192 721 1319 760 esse,
1350 711 1404 751 et
1433 707 1671 767 quoniam
1700 705 1821 750 satis

322 785 486 833 multa
523 784 646 839 dixi,
686 789 765 829 est
801 781 926 828 mihi
963 780 1317 843 perorandum.
1392 778 1609 825 Posthac
1647 786 1823 825 tamen

324 878 441 908 cum
464 859 591 905 haec
617 873 937 920 quaeremus,
962 858 1130 917 potius
1160 855 1224 901 de
1249 855 1640 901 dissensionibus
1664 855 1822 900 tantis

325 950 637 982 summorum
705 935 923 977 virorum
992 930 1312 984 disseramus,
1380 929 1444 975 de
1513 929 1822 975 obscuritate

326 1016 542 1056 naturae
590 1007 757 1069 deque
807 1020 974 1051 errore
1022 1011 1102 1050 tot
1148 1002 1558 1065 philosophorum
1606 1002 1713 1064 (qui
1760 1001 1825 1047 de

324 1086 471 1132 bonis
501 1084 864 1143 contrariisque
893 1080 1044 1126 rebus
1074 1085 1220 1125 tanto
1251 1094 1404 1140 opere
1434 1078 1722 1139 discrepant
1750 1082 1827 1131 ut,

326 1176 443 1207 cum
471 1157 584 1221 plus
614 1173 714 1203 uno
744 1171 920 1201 verum
951 1170 1060 1200 esse
1090 1169 1192 1199 non
1220 1156 1397 1215 possit,
1425 1155 1590 1198 iacere
1619 1165 1827 1197 necesse

330 1237 396 1281 sit
430 1240 511 1280 tot
546 1239 655 1278 tam
690 1229 884 1276 nobiles
921 1227 1245 1290 disciplinas),
1282 1243 1436 1289 quam
1471 1227 1536 1273 de
1573 1225 1829 1272 oculorum

330 1322 671 1369 sensuumque
705 1304 1015 1367 reliquorum
1049 1302 1325 1349 mendaciis
1362 1309 1416 1348 et
1450 1301 1515 1348 de
1550 1303 1704 1347 sorite
1741 1305 1831 1346 aut

329 1383 694 1448 pseudomeno,
720 1396 845 1443 quas
870 1378 1046 1442 plagas
1071 1380 1166 1440 ipsi
1191 1384 1368 1423 contra
1392 1392 1446 1422 se
1472 1375 1626 1422 Stoici
1651 1382 1831 1422 texue-

231 1470 310 1509 148
334 1456 505 1505 runt.’'
589 1456 720 1502 Tum
772 1452 1009 1500 Lucullus
1035 1469 1045 1498 :
1115 1451 1142 1467 “
1169 1451 1283 1497 Non
1332 1449 1599 1506 moleste,''
1649 1451 1833 1512 inquit,

331 1532 361 1548 ⁴⁴
384 1530 494 1578 fero
527 1547 618 1577 nos
651 1529 778 1575 haec
811 1526 1118 1581 contulisse3
1171 1528 1370 1587 saepius
1405 1527 1540 1571 enim
1573 1522 1834 1586 congredi-

333 1614 482 1655 entes
512 1621 619 1660 nos,
651 1611 705 1650 et
732 1618 972 1649 maxume
1001 1605 1053 1646 in
1080 1599 1374 1647 Tusculanis
1403 1601 1604 1654 nostris,
1633 1601 1674 1644 si
1702 1612 1834 1660 quae

333 1682 644 1729 videbuntur
665 1675 1032 1741 requiremus.'’
1089 1675 1116 1691 “
1143 1673 1422 1737 Optume,”
1445 1677 1671 1736 inquam,
1693 1672 1721 1688 “
1746 1671 1837 1719 sed

334 1756 461 1820 quid
513 1753 723 1801 Catulus
777 1755 935 1799 sentit
958 1752 976 1797 ἓ
1049 1750 1172 1813 quid
1224 1749 1527 1796 Hortensius
1550 1748 1569 1794 ?
1594 1746 1622 1763 ”
1706 1746 1837 1793 Tum

333 1830 549 1879 Catulus
573 1846 584 1876 ε
629 1828 656 1845 “
681 1828 861 1891 Egone
885 1828 903 1873 ?
929 1825 956 1841 '’
1002 1828 1168 1888 inquit
1192 1840 1203 1879 3
1248 1824 1276 1840 ‘⁸
1303 1824 1368 1871 ad
1410 1826 1568 1886 patris
1611 1821 1839 1868 revolvor

336 1908 668 1959 sententiam,
721 1919 875 1965 quam
929 1901 1135 1963 quidem
1187 1898 1271 1946 ille
1325 1897 1674 1945 Carneadeam
1727 1911 1838 1943 esse

339 1982 560 2035 dicebat,
599 1986 658 2026 ut
695 1980 885 2041 percipi
924 1975 1047 2022 nihil
1084 1982 1265 2038 putem
1301 1989 1468 2037 posse,
1507 1973 1837 2020 adsensurum

341 2064 516 2103 autem
548 2070 650 2100 non
685 2059 948 2116 percepto,
977 2051 1029 2097 id
1067 2057 1145 2096 est
1182 2051 1524 2111 opinaturum,
1553 2049 1838 2109 sapientem

342 2135 666 2184 existumem,
691 2127 781 2174 sed
806 2130 881 2173 ita
906 2133 964 2172 ut
992 2123 1262 2188 intellegat
1287 2139 1342 2170 se
1368 2125 1562 2186 opinari
1591 2124 1836 2181 sciatque¹

883 2245 900 2269 ²
927 2245 1177 2294 sentiatque
1197 2241 1359 2282 ?Reid.

401 2399 421 2418 ⁰
449 2393 556 2433 This
571 2390 872 2432 foreshadows
889 2389 953 2429 De
972 2388 1173 2435 Finibus,
1189 2386 1280 2427 and
1296 2384 1494 2438 possibly
1509 2385 1584 2425 the
1599 2382 1840 2437 preceding

346 2447 489 2488 words
513 2446 605 2487 also
628 2444 804 2486 include
827 2444 891 2484 De
915 2443 1094 2483 Natura
1116 2442 1322 2487 Deorum,
1346 2440 1490 2480 which
1513 2452 1602 2479 was
1625 2436 1841 2489 certainly

348 2504 518 2542 written
541 2501 654 2540 after
674 2500 750 2539 the
771 2497 933 2539 second
955 2496 1121 2538 edition
1143 2495 1194 2536 of
1212 2495 1476 2534 Academica
1496 2506 1586 2533 was
1606 2490 1811 2532 finished.

407 2555 425 2581 δ
457 2555 540 2597 See
559 2559 578 2602 ἓ
599 2557 652 2595 49
675 2556 791 2595 note.
1205 2554 1220 2574 ⁶
1248 2549 1332 2590 See
1351 2552 1371 2596 ἓ
1390 2551 1460 2589 95.

347 2618 445 2667 656
