1919 3006
264 675 318 715 74

963 197 1215 245 CICERO

341 345 442 375 eos.
505 328 553 374 Is
572 331 657 390 qui
674 326 808 373 hunc
825 330 1046 373 maxime
1066 333 1144 373 est
1163 326 1456 382 admiratus,
1474 324 1627 373 Chius
1644 325 1835 373 Metro-

344 416 511 469 dorus,
544 417 687 460 initio
719 413 833 459 libri
867 416 952 475 qui
986 419 1064 459 est
1097 412 1160 459 de
1194 419 1393 468 natura,
1427 411 1436 427 ‘
1463 411 1608 476 Nego
1632 410 1642 427 ⁹
1674 414 1840 475 inquit

343 498 354 515 ⁴
379 502 503 545 scire
535 514 623 544 nos
655 500 936 544 sciamusne
969 496 1157 559 aliquid
1188 512 1252 542 an
1280 495 1399 542 nihil
1433 499 1664 553 sciamus,
1694 512 1759 543 ne
1787 496 1840 543 id

343 587 508 646 ipsum
554 583 777 645 quidem,
822 584 1014 628 nescire
1061 581 1172 645 (aut
1216 580 1380 645 scire),
1425 583 1550 628 scire
1594 597 1702 637 nos,
1745 597 1840 627 nec

344 671 545 714 omnino
605 671 735 714 sitne
796 666 985 730 aliquid
1043 683 1107 712 an
1165 665 1287 712 nihil
1336 665 1436 713 sit.’
1507 666 1694 712 Furere
1745 666 1838 713 tibi

347 750 681 814 Empedocles
718 751 934 806 videtur,
972 757 1026 797 at
1061 749 1183 796 mihi
1219 751 1567 814 dignissimum
1601 750 1752 797 rebus
1781 753 1840 797 iis

344 838 408 884 de
452 837 633 899 quibus
676 835 898 898 loquitur
941 851 1120 882 sonum
1162 833 1412 891 fundere;
1471 851 1594 881 num
1637 850 1758 899 ergo
1799 838 1841 881 is

346 928 588 968 excaecat
622 937 711 967 nos
748 927 837 967 aut
872 921 1019 967 orbat
1053 921 1280 967 sensibus
1315 923 1355 966 si
1389 936 1569 983 parum
1601 936 1840 984 magnam

343 1010 444 1053 vim
464 1013 639 1052 censet
657 1008 709 1051 in
727 1008 786 1052 iis
808 1021 917 1052 esse
939 1005 1004 1051 ad
1024 1021 1085 1051 ea
1105 1021 1235 1068 quae
1256 1005 1348 1052 sub
1371 1021 1455 1052 eos
1475 1005 1704 1052 subiecta
1723 1012 1842 1052 sunt

343 1090 653 1138 iudicanda?
722 1089 1066 1145 Parmenides,
1102 1088 1462 1152 Xenophanes,
1496 1092 1661 1136 minus
1695 1089 1840 1136 bonis

345 1192 654 1240 quamquam
674 1176 899 1222 versibus
916 1175 1006 1222 sed
1021 1181 1196 1221 tamen
1211 1174 1299 1221 illi1
1320 1176 1561 1231 versibus,
1576 1177 1842 1238 increpant

345 1278 519 1309 eorum
558 1261 910 1324 adrogantiam
947 1263 1090 1323 quasi
1125 1263 1259 1317 irati,
1297 1263 1382 1323 qui
1420 1277 1534 1307 cum
1571 1263 1683 1308 sciri
1719 1259 1842 1306 nihil

344 1350 502 1411 possit
531 1347 755 1393 audeant
784 1362 838 1393 se
867 1349 992 1393 scire
1022 1346 1204 1393 dicere.
1273 1346 1344 1393 Et
1372 1347 1436 1393 ab
1466 1349 1537 1393 eis
1566 1347 1736 1393 aiebas
1764 1362 1842 1393 re-

344 1432 651 1479 movendum
675 1430 918 1479 Socraten
942 1438 997 1478 et
1020 1431 1302 1479 Platonem.
1370 1431 1472 1478 Cur
1494 1431 1513 1479 ?
1555 1448 1620 1479 an
1643 1431 1707 1479 de
1731 1431 1843 1478 ullis

345 1521 531 1564 certius
579 1533 783 1579 possum
832 1516 998 1563 dicere
1022 1516 1040 1563 ?
1107 1519 1289 1563 vixisse
1337 1533 1451 1563 cum
1497 1519 1556 1563 iis
1605 1517 1842 1580 equidem

346 1601 518 1648 videor
541 1617 552 1647 t
599 1604 673 1647 ita
700 1600 847 1647 multi
877 1617 1133 1647 sermones
1161 1603 1427 1663 perscripti
1455 1607 1574 1648 sunt
1603 1617 1631 1648 e
1661 1602 1842 1665 quibus

346 1686 567 1733 dubitari
597 1701 698 1732 non
729 1688 887 1747 possit
918 1688 1039 1747 quin
1069 1684 1263 1732 Socrati
1293 1684 1416 1731 nihil
1445 1688 1512 1732 sit
1540 1688 1702 1732 visum
1731 1690 1842 1734 sciri

345 1787 491 1835 posse
516 1786 527 1825 ;
574 1773 776 1832 excepit
804 1787 961 1816 unum
988 1777 1209 1826 tantum,
1236 1773 1361 1817 scire
1388 1786 1442 1818 se
1469 1770 1592 1817 nihil
1618 1787 1672 1818 se
1699 1775 1843 1829 scire,

345 1854 468 1902 nihil
505 1853 731 1917 amplius.
802 1854 937 1912 Quid
973 1854 1137 1901 dicam
1172 1855 1236 1902 de
1272 1854 1528 1902 Platone?
1581 1858 1665 1919 qui
1702 1864 1841 1904 certe

345 1946 453 1987 tam
468 1938 640 1985 multis
661 1938 797 1985 libris
815 1937 942 1985 haec
961 1947 1257 2001 persecutus
1273 1956 1375 1986 non
1395 1946 1530 1986 esset
1548 1942 1641 1987 nisi
1661 1941 1840 2003 proba-

344 2028 515 2080 visset,
535 2027 746 2070 ironiam
773 2027 908 2070 enim
935 2023 1158 2080 alterius,
1186 2032 1489 2087 perpetuam
1522 2029 1838 2088 praesertim,

346 2110 481 2156 nulla
509 2108 607 2155 fuit
634 2112 764 2155 ratio
794 2112 1043 2172 persequi.
1113 2109 1299 2156 XXIV.
1335 2110 1587 2157 Videorne
1616 2112 1708 2158 tibi
1738 2128 1838 2159 non

344 2201 403 2241 ut
431 2193 730 2240 Saturninus
760 2198 1019 2240 nominare
1044 2195 1193 2241 modo
1218 2193 1454 2241 inlustres
1478 2194 1724 2252 homines,
1748 2197 1838 2244 sed

346 2282 501 2325 etiam
537 2281 723 2325 imitari
759 2295 1037 2341 numquam
1073 2282 1163 2325 nisi
1203 2278 1409 2336 clarum,
1445 2282 1539 2327 nisi
1574 2280 1836 2329 nobilem?

345 2365 504 2427 Atqui
546 2362 799 2410 habebam
840 2363 1078 2410 molestos
1121 2365 1277 2420 vobis,
1315 2364 1406 2412 sed
1441 2367 1680 2422 minutos,
1721 2365 1835 2413 Stil·

832 2461 847 2485 ¹
877 2460 961 2500 illis
982 2460 1190 2502 nonnulli
1206 2461 1330 2502 codd.

634 2550 654 2569 ⁰
684 2546 767 2586 See
788 2549 807 2592 ἐ
834 2548 898 2586 14.
1392 2545 1410 2571 δ
1435 2545 1550 2589 Ibid.

349 2610 444 2656 560
