1919 3006
956 191 1209 242 CICERO

331 338 486 386 quem
532 329 810 386 sequatur:
855 325 1012 370 ceteri
1053 329 1133 370 tot
1174 325 1261 369 viri
1311 329 1365 370 et
1405 326 1536 370 tanti
1578 324 1830 387 repudiati

228 405 307 446 119
333 401 396 447 ab
422 416 482 448 eo
506 401 935 464 condemnatique
960 401 1238 448 discedent.
1300 400 1688 466 Quamcumque
1713 417 1831 449 vero
1904 457 1910 459 ‚

331 481 642 525 sententiam
677 479 985 541 probaverit,
1023 494 1136 524 eam
1173 481 1241 525 sic
1279 481 1445 525 animo
1481 494 1830 542 comprensam
1904 479 1906 481 ’

330 552 542 602 habebit
576 562 634 602 ut
668 572 729 602 ea
762 572 894 619 quae
927 556 1173 611 sensibus,
1206 572 1301 602 nec
1333 558 1494 620 magis
1528 556 1830 620 adprobabit

330 648 462 678 nunc
494 632 662 679 lucere
695 650 866 696 quam,
898 635 1137 696 quoniam
1168 631 1364 680 Stoicus
1397 640 1493 689 est,
1523 632 1657 680 hunc
1686 622 1831 680 mun-

331 708 453 755 dum
485 726 595 756 esse
627 713 930 773 sapientem,
961 708 1150 757 habere
1182 717 1411 757 mentem
1443 727 1575 774 quae
1607 717 1662 758 et
1691 726 1746 758 se
1777 717 1832 758 et

329 788 495 848 ipsum
514 785 763 834 fabricata
782 790 847 835 sit
868 795 922 834 et
943 791 1111 834 omnia
1129 788 1423 835 moderetur
1442 795 1647 835 moveat
1665 794 1829 852 regat.

329 862 442 910 Erit
473 867 519 911 ei
548 880 846 927 persuasum
878 868 1034 912 etiam
1065 865 1222 912 solem
1251 865 1424 912 lunam
1454 865 1625 912 stellas
1655 881 1831 912 omnes

331 947 521 987 terram
552 958 692 989 mare
726 942 848 990 deos
882 959 1010 999 esse,
1043 943 1180 1006 quod
1212 943 1465 1006 quaedam
1498 941 1726 989 animalis
1757 945 1831 989 in-

329 1017 632 1083 tellegentia
654 1036 746 1083 per
770 1023 938 1067 omnia
963 1037 1024 1067 ea
1046 1027 1317 1084 permanet
1341 1027 1395 1068 et
1418 1027 1677 1076 transeat3
1722 1018 1831 1067 fore

331 1101 508 1143 tamen
547 1096 816 1161 aliquando
858 1105 917 1145 ut
958 1101 1118 1145 omnis
1153 1096 1235 1145 hic
1269 1098 1488 1146 mundus
1530 1097 1708 1145 ardore
1743 1097 1830 1145 de-

330 1172 528 1237 flagret.
566 1175 861 1222 XXXVIII.
889 1174 1001 1223 Sint
1019 1179 1119 1223 ista
1137 1191 1257 1223 vera
1281 1175 1441 1239 (vides
1467 1178 1602 1222 enim
1625 1178 1727 1222 iam
1745 1190 1830 1222 me

328 1248 479 1297 fateri
507 1251 697 1316 aliquid
723 1269 833 1300 esse
859 1254 1003 1316 veri),
1029 1253 1323 1316 comprendi
1350 1268 1412 1300 ea
1436 1259 1613 1300 tamen
1639 1259 1694 1300 et
1717 1268 1830 1316 per-

328 1331 426 1391 cipi
449 1345 596 1393 nego.
667 1330 795 1377 Cum
819 1334 955 1377 enim
977 1338 1096 1378 tuus
1119 1334 1216 1378 iste
1240 1330 1437 1378 Stoicus
1459 1333 1660 1393 sapiens
1683 1329 1829 1393 sylla-

326 1405 490 1453 batim
508 1409 602 1454 tibi
620 1411 720 1455 ista
739 1409 942 1464 dixerit,
961 1411 1134 1456 veniet
1152 1408 1343 1455 flumen
1361 1411 1601 1456 orationis
1621 1424 1830 1454 aureum

327 1481 546 1532 fundens
574 1485 877 1533 Aristoteles
906 1489 991 1550 qui
1017 1485 1158 1532 illum
1186 1486 1417 1549 desipere
1445 1485 1617 1541 dicat3
1661 1499 1831 1548 neque

330 1565 465 1608 enim
489 1570 656 1610 ortum
683 1580 792 1611 esse
817 1581 1060 1627 umquam
1083 1564 1331 1611 mundum
1355 1563 1492 1627 quod
1515 1562 1653 1610 nulla
1674 1561 1830 1610 fuerit

329 1655 457 1686 novo
478 1641 681 1688 consilio
701 1645 826 1689 inito
847 1649 955 1688 tam
974 1641 1219 1704 praeclari
1239 1644 1403 1704 operis
1422 1643 1662 1704 inceptio,
1683 1647 1737 1688 et
1755 1642 1829 1687 ita

329 1732 439 1764 esse
474 1734 592 1765 eum
626 1720 849 1782 undique
886 1726 1062 1782 aptum
1097 1726 1155 1766 ut
1189 1718 1327 1766 nulla
1359 1721 1431 1766 vis
1465 1725 1637 1765 tantos
1671 1724 1829 1780 queat

325 1802 497 1842 motus
525 1800 968 1861 mutationemque
996 1796 1176 1852 moliri,
1205 1795 1343 1843 nulla
1371 1802 1607 1843 senectus
1635 1795 1828 1842 diutur-

330 1875 494 1920 nitate
528 1881 817 1937 temporum
855 1878 1099 1922 exsistere
1136 1882 1195 1921 ut
1229 1873 1310 1920 hic
1346 1880 1554 1920 ornatus
1585 1889 1828 1936 umquam

330 1949 551 2013 dilapsus
594 1953 804 2000 occidat.
873 1952 985 1999 Tibi
1026 1951 1121 1999 hoc
1162 1951 1448 2015 repudiare,
1489 1949 1612 1997 illud
1654 1957 1827 1997 autem

330 2032 558 2091 superius
613 2032 742 2077 sicut
795 2037 950 2093 caput
1004 2036 1058 2077 et
1109 2028 1299 2075 famam
1353 2036 1496 2076 tuam
1549 2025 1827 2076 defendere

329 2121 536 2154 necesse
574 2110 689 2164 erit,
725 2114 857 2154 cum1
888 2106 1009 2153 mihi
1047 2123 1111 2154 ne
1148 2113 1207 2154 ut
1242 2107 1473 2154 dubitem
1510 2105 1716 2169 quidem
1750 2120 1827 2151 re-

225 2188 304 2229 120
327 2182 599 2247 linquatur.
672 2185 746 2232 Ut
771 2189 1004 2232 omittam
1029 2185 1294 2232 levitatem
1317 2191 1514 2231 temere
1540 2183 1827 2230 adsentien-

788 2314 803 2337 1
833 2327 935 2354 cum
957 2313 1145 2354 inseruit
1169 2312 1369 2355 Gom-sm.

386 2444 404 2463 ‘²
436 2439 658 2487 Quaedam
704 2439 855 2480 marks
899 2453 925 2479 a
968 2437 1231 2479 translation
1275 2436 1325 2478 of
1363 2450 1486 2478 some
1528 2436 1689 2490 phrase
1731 2434 1821 2476 like

330 2492 462 2545 Diog.
486 2495 559 2533 vii.
588 2497 664 2533 147
692 2497 780 2532 θεὸν
802 2497 841 2533 δὲ
865 2497 964 2533 εἶναι
983 2493 1082 2543 ζῷον
1105 2495 1304 2531 ἀθάνατον
1325 2493 1503 2542 λογικόν.

386 2546 403 2571 ⁶
434 2548 474 2587 A
498 2547 733 2600 rendering
752 2547 803 2588 of
817 2548 892 2588 the
910 2551 999 2587 two
1019 2548 1253 2598 meanings
1271 2545 1321 2586 of
1337 2549 1502 2595 κίνησις.

327 2609 426 2659 620
