1853 3001
154 1116 229 1156 101

876 225 1127 274 CICERO

255 360 413 411 solem
437 359 609 406 lunam
634 355 907 419 stellasque
931 356 1191 411 vidissent,
1215 370 1432 418 cumque
1460 361 1748 417 temporum

255 437 579 483 maturitates
620 434 930 478 mutationes
978 429 1447 492 vicissitudinesque
1494 431 1750 493 cognovis-

257 518 389 566 sent,
412 510 650 571 suspicati
675 513 845 553 essent
869 505 1089 568 aliquam
1114 503 1450 551 excellentem
1475 520 1584 551 esse
1606 520 1751 567 prae-

257 592 583 647 stantemque
621 588 856 628 naturam
898 596 1029 643 quae
1067 578 1193 626 haec
1235 578 1484 626 effecisset
1522 585 1751 626 moveret

257 666 462 724 regeret
497 658 822 722 gubernaret.
895 655 994 713 Qui
1033 658 1188 701 etiam
1220 657 1260 700 si
1294 655 1532 701 aberrant
1565 659 1613 700 a1
1638 671 1752 700 con-

257 738 469 789 iectura,
494 733 640 779 tideo
673 738 849 777 tamen
882 730 1004 792 quid
1029 735 1340 792 sequantur3
1377 735 1435 775 tu
1461 729 1597 791 quod
1629 745 1753 791 opus

258 810 470 857 tandem
501 823 743 871 magnum
777 812 830 852 et
863 808 1126 868 egregium
1157 803 1314 850 habes
1347 804 1483 866 quod
1515 802 1752 850 effectum

260 885 429 932 dixina
456 888 631 928 mente
663 880 911 934 videatur,
943 895 1005 925 ex
1037 895 1136 941 quo
1168 894 1276 924 esse
1307 878 1427 925 deos
1457 878 1751 940 suspicere?

260 958 271 976 ‘
296 959 558 1005 Habemus
573 955 583 971 '
598 960 614 985 ²
638 957 803 1017 inquis
827 953 906 999 ‘in
931 956 1097 999 animo
1116 956 1320 999 insitam
1344 951 1752 999 informationem

261 1033 519 1097 quandam
556 1029 673 1078 dei.'
744 1029 813 1075 Et
849 1029 1049 1075 barbati
1088 1028 1294 1090 quidem
1333 1027 1481 1083 Iovis,
1518 1027 1753 1091 galeatae

260 1109 560 1154 Minervae:
619 1121 741 1151 num
781 1107 939 1167 igitur
980 1119 1088 1149 esse
1129 1102 1243 1149 talis
1282 1103 1475 1165 putas?
1548 1101 1753 1160 Quanto

262 1182 441 1230 melius
480 1180 606 1226 haec
643 1179 821 1242 vulgus
859 1181 1226 1240 imperitorum,
1265 1180 1351 1240 qui
1389 1194 1489 1224 non
1526 1178 1755 1223 membra

265 1258 425 1306 solum
446 1255 660 1303 hominis
683 1255 779 1301 deo
801 1254 1029 1300 tribuant
1051 1253 1140 1299 sed
1161 1269 1308 1299 usum
1331 1255 1486 1299 etiam
1505 1253 1756 1299 membro-

262 1350 390 1381 rum.
468 1331 610 1378 Dant
652 1332 786 1375 enim
830 1344 1000 1374 arcum
1041 1331 1254 1391 sagittas
1295 1326 1495 1374 hastam
1536 1327 1754 1390 clipeum

265 1407 511 1454 fuscinam
549 1404 759 1459 fulmen,
801 1410 854 1449 et
892 1405 932 1449 si
973 1405 1195 1448 actiones
1235 1418 1366 1465 quae
1405 1405 1507 1449 sint
1545 1403 1754 1449 deorum

265 1500 366 1529 non
397 1482 588 1535 vident,
618 1478 741 1525 nihil
771 1484 1011 1541 agentem
1042 1484 1215 1523 tamen
1247 1478 1400 1524 deum
1429 1494 1530 1523 non
1560 1484 1756 1540 queunt

265 1561 505 1621 cogitare.
559 1555 661 1617 Ipsi
680 1557 762 1617 qui
782 1553 1065 1599 inridentur
1082 1553 1327 1615 Aegyptii
1345 1551 1535 1598 nullam
1552 1552 1755 1600 beluam

265 1637 359 1680 nisi
403 1633 468 1679 ob
514 1630 733 1693 aliquam
780 1628 1056 1675 utilitatem
1101 1645 1254 1691 quam
1300 1644 1363 1674 ex
1409 1644 1470 1675 ea
1513 1635 1756 1691 caperent

266 1713 686 1755 consecraverunt
709 1721 721 1761 3
756 1703 896 1751 velut
912 1705 1019 1750 ibes
1035 1707 1310 1749 maximam
1327 1706 1426 1749 vim
1443 1707 1754 1766 serpentium

265 1783 553 1837 conficiunt,
586 1797 700 1827 cum
742 1783 842 1826 sint
884 1795 1000 1825 aves
1032 1778 1279 1834 excelsae,
1310 1779 1534 1825 cruribus
1564 1780 1754 1842 rigidis,

266 1873 447 1905 corneo
503 1870 813 1919 proceroque
870 1860 1066 1909 rostro;
1142 1860 1379 1900 avertunt
1433 1860 1632 1916 pestem
1692 1854 1755 1900 ab

267 1935 525 1996 Aegypto,
563 1947 678 1977 cum
715 1928 925 1976 volucris
964 1931 1141 1992 anguis
1181 1944 1243 1975 ex
1282 1931 1522 1975 vastitate
1561 1927 1755 1992 Libyae

266 2015 419 2055 vento
449 2005 620 2054 Africo
649 2009 873 2051 invectas
903 2004 1214 2050 interficiunt
1247 2011 1402 2067 atque
1435 2011 1755 2060 consumunt,

268 2099 331 2130 ex
356 2099 455 2145 quo
479 2082 536 2128 fit
559 2087 617 2127 ut
638 2079 753 2125 illae
776 2095 870 2125 nec
892 2095 1060 2125 morsu
1083 2082 1224 2124 vivae
1247 2085 1465 2125 noceant
1486 2094 1580 2125 nec
1602 2079 1755 2126 odore

267 2164 513 2203 mortuae.
590 2154 798 2201 Possum
858 2154 921 2200 de
973 2152 1365 2199 ichneumonum
1413 2151 1636 2199 utilitate
1690 2153 1755 2200 de

268 2230 626 2279 crocodilorum
651 2230 714 2276 de
738 2227 944 2275 faelium
968 2228 1152 2283 dicere,
1176 2228 1266 2274 sed
1289 2226 1402 2274 nolo
1427 2243 1536 2274 esse
1559 2226 1753 2291 longus.

269 2306 351 2352 Ita
397 2303 709 2358 concludam,
757 2310 931 2349 tamen
979 2301 1153 2348 beluas
1202 2317 1232 2347 a
1278 2301 1501 2348 barbaris
1548 2309 1756 2364 propter

269 2380 571 2428 beneficium
593 2385 926 2432 consecratas,
949 2384 1228 2423 vestrorum
1251 2377 1460 2422 deorum
1483 2392 1583 2423 non
1605 2377 1755 2423 modo

270 2455 570 2502 beneficium
611 2452 803 2499 nullum
843 2458 1043 2498 exstare
1083 2451 1173 2497 sed
1211 2467 1274 2497 ne
1319 2449 1512 2497 factum
1549 2451 1754 2514 quidem

331 2573 348 2598 ²
378 2587 405 2613 a
425 2587 506 2614 om.
535 2571 720 2613 Walker.
928 2569 947 2595 ⁸
975 2568 1190 2610 habemus
1212 2569 1314 2610 dett.
1334 2585 1346 2610 ε
1378 2568 1599 2610 habebam
1620 2569 1681 2617 A.
1701 2568 1753 2610 Β.

275 2640 336 2693 98
