1919 3006
882 180 1134 231 CICERO

261 322 470 378 patreus
497 313 757 362 Eubuleus
785 312 1058 377 Dionysus,
1085 312 1292 359 secundi
1320 311 1440 359 Iove
1464 313 1619 359 tertio
1643 313 1753 359 nati

264 397 318 437 et
342 390 484 437 Leda
508 389 686 436 Castor
710 395 764 435 et
788 387 984 443 Pollux,
1006 390 1147 434 tertii
1171 387 1408 434 dicuntur
1430 402 1461 433 a
1482 403 1584 433 non
1605 385 1753 434 nullis

264 464 389 511 Alco
418 470 471 511 et
501 462 790 525 Melampus
818 468 873 508 et
897 460 1119 517 Tmolus,
1147 461 1293 508 Atrei
1320 459 1423 517 filii,
1450 462 1537 524 qui
1564 459 1752 523 Pelope

184 545 239 586 54
261 544 411 584 natus
436 535 549 583 fuit.
611 535 721 582 Iam
749 534 931 582 Musae
956 537 1150 597 primae
1177 540 1419 597 quattuor
1445 533 1565 581 Iove
1591 533 1751 580 altero

264 617 434 667 natae,
475 609 755 656 Thelxinoe
803 609 981 656 Aoede
1029 607 1196 655 Arche
1246 607 1460 665 Melete,
1501 608 1754 656 secundae

267 684 386 732 Iove
409 686 564 731 tertio
589 690 642 730 et
669 683 1007 746 Mnemosyne
1029 688 1326 745 procreatae
1349 697 1549 738 novem,
1570 683 1757 728 tertiae

267 757 412 804 Piero
456 764 608 803 natae
654 763 708 803 et
750 757 992 818 Antiopa,
1036 772 1160 819 quas
1205 755 1428 802 Pieridas
1472 761 1527 802 et
1569 753 1758 802 Pierias

267 832 431 880 solent
459 836 649 895 poetae
681 830 953 894 appellare,
984 830 1145 877 isdem
1176 830 1460 877 nominibus
1492 836 1547 878 et
1577 829 1759 877 eodem

268 921 478 952 numero
502 921 601 968 quo
622 907 883 967 proximae
906 906 1203 966 superiores.
1260 902 1490 966 Cumque
1511 909 1571 950 tu
1592 901 1760 949 Solem

270 981 389 1042 quia
430 976 561 1025 solus
605 983 740 1024 esset
783 975 1095 1039 appellatum
1139 991 1248 1023 esse
1290 976 1444 1032 dicas,
1486 974 1625 1022 Soles
1665 977 1760 1038 ipsi

271 1068 424 1115 quam
459 1049 607 1097 multi
644 1067 675 1096 a
709 1048 958 1113 theologis
994 1048 1334 1112 proferuntur.
1406 1049 1551 1096 Unus
1588 1065 1761 1096 eorum

272 1125 392 1172 Iove
423 1131 572 1171 natus
603 1140 760 1186 nepos
790 1122 1048 1179 Aetheris,
1080 1123 1208 1170 alter
1238 1123 1550 1187 Hyperione,
1579 1125 1762 1170 tertius

270 1198 492 1246 Volcano
521 1198 622 1245 Nili
651 1198 769 1254 filio,
797 1201 937 1245 cuius
965 1199 1145 1245 urbem
1173 1199 1419 1262 Aegyptii
1447 1197 1623 1245 volunt
1652 1213 1763 1245 esse

272 1289 385 1320 eam
429 1288 560 1336 quae
605 1271 882 1334 Heliopolis
927 1271 1229 1334 appellatur,
1273 1278 1482 1335 quartus
1523 1273 1565 1318 is
1608 1287 1762 1334 quem

269 1345 480 1393 heroicis
502 1345 818 1407 temporibus
841 1343 1075 1392 Acantho
1099 1343 1263 1392 Rhodi
1284 1347 1541 1408 peperisse
1563 1344 1763 1400 dicitur,

272 1418 496 1484 <pater>²
555 1419 708 1484 Ialysi
769 1419 954 1467 Camiri
1001 1419 1150 1468 Lindi
1197 1418 1379 1476 Rhodi,
1425 1423 1630 1484 quintus
1676 1422 1762 1484 qui

272 1494 467 1542 Colchis
529 1493 691 1541 fertur
751 1495 972 1541 Aeetam
1035 1501 1088 1541 et
1150 1493 1345 1541 Circam
1404 1497 1761 1557 procreavisse.

193 1580 246 1620 55
270 1569 438 1616 XXII.
475 1568 683 1616 Volcani
703 1572 830 1616 item
852 1567 1133 1631 complures
1158 1585 1168 1616 z
1207 1572 1398 1632 primus
1421 1568 1573 1616 Caelo
1595 1576 1763 1625 natus,

273 1659 337 1690 ex
372 1659 471 1706 quo
507 1648 561 1689 et
598 1641 831 1688 Minerva
864 1641 1153 1704 Apollinem
1178 1642 1316 1689 eum’
1341 1644 1480 1689 cuius
1512 1645 1566 1689 in
1598 1641 1765 1689 tutela

271 1715 502 1764 Athenas
544 1719 739 1779 antiqui
777 1714 1000 1762 historici
1041 1731 1150 1762 esse
1189 1715 1475 1772 voluerunt,
1514 1716 1764 1763 secundus

273 1790 387 1838 Nilo
436 1797 603 1847 natus,
647 1788 859 1836 Phthas⁸
904 1797 962 1837 ut
1003 1789 1249 1854 Aegyptii
1292 1789 1568 1853 appellant,
1611 1805 1764 1853 quem

273 1866 537 1913 custodem
563 1881 671 1913 esse
697 1866 925 1929 Aegypti
950 1864 1142 1921 volunt,
1167 1867 1350 1912 tertius
1376 1880 1440 1912 ex
1463 1867 1617 1911 tertio
1643 1864 1764 1912 Iove

275 1946 328 1986 et
366 1939 578 1995 Iunone,
616 1941 702 2002 qui
740 1937 921 1985 Lemni
957 1937 1178 1985 fabricae
1214 1938 1434 1986 traditur
1467 1936 1764 2001 praefuisse,

275 2019 483 2076 quartus
524 2011 766 2059 Memalio
803 2019 971 2068 natus,
1009 2015 1095 2075 qui
1131 2014 1300 2059 tenuit
1334 2011 1520 2059 insulas
1556 2019 1766 2075 propter

196 2097 250 2137 56
275 2086 492 2134 Siciliam
530 2103 660 2150 quae
698 2085 967 2133 Volcaniae
1004 2086 1410 2132 nominabantur.
1483 2085 1765 2133 Mercurius

275 2177 404 2208 unus
436 2159 590 2208 Caelo
622 2167 768 2223 patre
802 2160 901 2206 Die
934 2167 1098 2206 matre
1130 2166 1298 2215 natus,
1330 2162 1469 2206 cuius
1501 2160 1765 2207 obscenius

449 2289 466 2315 ¹
497 2290 599 2332 add.
621 2290 797 2331 Davies.
1031 2289 1046 2313 ²
1076 2288 1336 2341 Apollinum
1357 2289 1393 2329 is
1412 2288 1591 2332 Davies.

690 2345 707 2369 ³
738 2344 905 2385 Phthas
929 2343 1180 2395 Gyraldus=
1214 2343 1351 2396 Opas.

855 2495 876 2515 ⁶
906 2489 990 2532 See
1010 2492 1052 2531 ii.
1076 2492 1145 2530 68.

531 2543 548 2569 ⁸
579 2545 663 2593 i.e.,
687 2545 913 2586 volcanic:
945 2545 1020 2585 the
1043 2545 1194 2597 Lipari
1214 2558 1289 2585 are
1309 2548 1473 2586 meant.

286 2615 379 2658 338
