1853 3001
859 163 1112 213 CICERO

160 302 214 343 80
239 299 459 358 optumis
493 295 680 351 rebus;
734 293 856 342 nihil
892 302 1066 342 autem
1101 311 1196 343 nec
1229 298 1391 343 maius
1425 311 1520 343 nec
1552 293 1733 344 melius

155 1128 207 1168 81

238 372 463 426 mundo;
517 387 725 418 necesse
764 378 842 417 est
880 387 1000 434 ergo
1038 387 1155 418 eum
1191 371 1402 418 deorum
1438 370 1643 418 consilio
1679 376 1741 418 et'

237 446 555 508 providentia
592 445 945 492 administrari.
1037 444 1300 492 Postremo
1337 462 1451 492 cum
1487 448 1608 492 satis
1645 444 1733 492 do-

238 523 488 567 cuerimus
524 519 614 566 hos
653 536 763 566 esse
800 519 921 566 deos
970 536 1184 583 quorum
1230 523 1481 583 insignem
1528 522 1630 566 vim
1676 524 1732 567 et

236 594 501 641 inlustrem
529 593 712 641 faciem
740 595 1043 650 videremus,
1072 594 1230 641 solem
1258 595 1369 641 dico
1399 601 1452 641 et
1478 593 1651 641 lunam
1679 599 1735 641 et

237 685 391 732 vagas
432 668 603 715 stellas
645 675 699 715 et
738 672 1021 715 inerrantes
1064 676 1118 715 et
1157 668 1354 715 caelum
1395 675 1449 715 et
1487 668 1734 715 mundum

238 747 403 806 ipsum
441 751 494 791 et
531 760 704 790 earum
740 760 909 790 rerum
945 747 1046 790 vim
1082 760 1214 807 quae
1249 747 1476 790 inessent
1510 746 1563 789 in
1598 744 1735 790 omni

238 818 428 866 mundo
476 835 591 865 cum
639 835 826 882 magno
875 835 968 865 usu
1018 825 1072 866 et
1119 819 1484 866 commoditate
1532 820 1735 882 generis

238 892 463 948 humani,
501 893 714 939 efficitur
763 896 932 939 omnia
981 896 1090 956 regi
1133 893 1302 940 divina
1350 899 1526 940 mente
1577 899 1735 955 atque

237 969 524 1032 prudentia.
593 969 670 1016 Ac
697 969 762 1017 de
790 972 953 1032 prima
981 969 1188 1032 quidem
1215 975 1364 1032 parte
1391 971 1514 1016 satis
1542 967 1735 1016 dictum

239 1052 331 1091 est.

277 1120 496 1167 XXXII.
535 1119 562 1137 “
588 1119 828 1184 Sequitur
880 1127 939 1167 ut
991 1121 1202 1168 doceam
1260 1123 1430 1168 omnia
1505 1120 1736 1167 subiecta

240 1211 348 1242 esse
367 1202 580 1241 naturae
601 1211 763 1258 eaque
782 1195 845 1242 ab
866 1211 925 1241 ea
943 1193 1278 1257 pulcherrime
1295 1198 1442 1259 geri.¹
1493 1193 1594 1242 Sed
1611 1193 1734 1258 quid

238 1272 303 1316 sit
337 1272 447 1331 ipsa
480 1276 663 1316 natura
699 1268 1055 1332 explicandum
1091 1275 1170 1316 est
1203 1275 1324 1316 ante
1358 1270 1597 1324 breviter,
1632 1284 1733 1332 quo

238 1343 432 1390 facilius
481 1344 535 1391 id
584 1343 720 1407 quod
770 1344 951 1391 docere
1002 1343 1229 1391 volumus
1277 1343 1508 1407 intellegi
1556 1345 1731 1406 possit.

240 1418 474 1482 Namque
498 1417 579 1464 alii
602 1426 837 1465 naturam
861 1434 970 1465 esse
993 1425 1204 1465 censent
1224 1421 1325 1465 vim
1347 1419 1603 1482 quandam
1624 1420 1732 1464 sine

237 1497 434 1541 ratione
461 1497 683 1541 cientem
709 1501 877 1541 motus
903 1496 956 1540 in
983 1494 1272 1557 corporibus
1299 1496 1622 1550 necessarios,
1650 1492 1732 1540 alii

239 1576 412 1616 autem
451 1571 551 1615 vim
598 1572 898 1632 participem
939 1571 1147 1616 rationis
1186 1575 1341 1632 atque
1379 1569 1566 1616 ordinis
1603 1574 1734 1615 tam-

237 1661 390 1708 quam
458 1647 538 1690 via
611 1644 1026 1707 progredientem
1095 1643 1541 1706 declarantemque
1611 1642 1734 1706 quid

237 1723 479 1782 cuiusque
503 1721 577 1765 rei
601 1735 751 1765 causa
776 1719 959 1765 efficiat
984 1719 1105 1782 quid
1129 1725 1388 1782 sequatur,
1405 1722 1543 1765 cuius
1563 1717 1733 1764 soller-

237 1797 360 1841 tiam
402 1793 539 1840 nulla
578 1810 656 1840 ars
697 1793 833 1840 nulla
872 1811 1050 1840 manus
1091 1810 1240 1841 nemo
1280 1792 1450 1856 opifex
1491 1796 1731 1857 consequi

236 1872 395 1932 possit
414 1869 660 1916 imitando
684 1884 696 1925 3
734 1872 938 1915 seminis
960 1872 1094 1915 enim
1114 1871 1214 1915 vim
1236 1884 1345 1916 esse
1365 1875 1564 1915 tantam
1584 1876 1642 1916 ut
1660 1869 1730 1925 id,

237 1960 547 2007 quamquam
591 1946 657 1990 sit
700 1947 1054 2007 perexiguum,
1098 1950 1274 1990 tamen
1317 1946 1358 1990 si
1401 1944 1635 1990 inciderit
1678 1946 1731 1990 in

236 2022 605 2081 concipientem
637 2019 1174 2081 conprendentemque
1204 2025 1439 2066 naturam
1468 2025 1732 2065 nanctum-

237 2109 336 2157 que
364 2096 427 2139 sit
454 2096 721 2140 materiam
749 2109 849 2156 qua
875 2092 939 2139 ali
967 2095 1243 2156 augerique
1269 2096 1444 2156 possit,
1470 2096 1543 2139 ita
1570 2093 1731 2156 fingat

237 2175 290 2214 et
315 2168 499 2214 efficiat
522 2171 573 2214 in
599 2184 688 2214 suo
722 2168 944 2230 quidque
978 2183 1185 2230 genere,
1216 2171 1402 2230 partim
1435 2174 1494 2214 ut
1524 2174 1727 2214 tantum

235 2243 385 2289 modo
429 2258 520 2304 per
563 2245 745 2304 stirpes
791 2241 990 2288 alantur
1033 2257 1164 2297 suas,
1207 2244 1392 2303 partim
1437 2248 1495 2288 ut
1537 2244 1726 2288 moveri

237 2321 393 2364 etiam
441 2324 495 2364 et
540 2320 728 2363 sentire
776 2323 829 2363 et
876 2323 1119 2378 appetere
1165 2319 1359 2378 possint
1406 2323 1459 2363 et
1505 2332 1568 2363 ex
1615 2333 1726 2364 sese

159 2397 212 2437 82
237 2391 416 2438 similia
443 2394 518 2438 sui
546 2394 773 2455 gignere.
843 2389 971 2437 Sunt
1000 2398 1172 2437 autem
1203 2395 1289 2455 qui
1317 2395 1486 2439 omnia
1512 2399 1726 2442 naturae

700 2507 717 2532 ²
747 2508 840 2560 geri
863 2507 922 2555 Α,
943 2506 1011 2548 Βε
1045 2509 1137 2560 regi
1162 2508 1265 2551 dett.

246 2578 342 2618 200
