1919 3006
925 153 1176 202 CICERO

305 287 585 342 confirmat,
621 287 962 348 membrisque
999 284 1230 332 humanis
1268 301 1377 332 esse
1413 286 1668 348 praeditos
1704 285 1794 334 sed

305 395 479 425 eorum
529 378 870 424 membrorum
922 393 1068 423 usum
1119 376 1310 423 nullum
1361 375 1568 434 habere,
1618 376 1793 424 ludere

307 471 522 526 videtur,
569 472 791 532 satisque
837 476 1019 531 putare
1065 471 1105 515 si
1151 468 1337 515 dixerit
1383 485 1492 515 esse
1539 469 1790 532 quandam

261 570 284 608 4
305 563 511 609 beatam
565 568 799 608 naturam
854 567 908 607 et
961 567 1238 607 aeternam.
1307 560 1354 607 A
1407 559 1565 607 Balbo
1620 567 1794 607 autem

306 654 707 701 animadvertisti
740 652 888 699 credo
923 669 1076 715 quam
1108 651 1270 699 multa
1302 652 1439 699 dicta
1470 655 1587 709 sint,
1620 668 1795 716 quam-

307 762 406 809 que
440 748 638 792 etiarnsi
670 747 834 790 minus
868 760 986 790 vera
1018 751 1193 790 tamen
1226 751 1348 806 apta
1379 746 1513 791 inter
1545 760 1599 792 se
1633 750 1687 791 et
1715 760 1795 791 co·

305 837 584 884 haerentia.
627 836 810 899 Itaque
826 839 993 900 cogito
1009 843 1067 882 ut
1083 836 1187 883 dixi
1202 852 1303 882 non
1318 842 1426 882 tam
1440 834 1671 883 refellere
1688 837 1795 882 eius

306 933 586 976 orationem
616 945 769 992 quam
805 944 866 975 ea
903 943 1033 991 quae
1068 931 1233 974 minus
1262 927 1493 974 intellexi
1520 930 1792 991 requirere.

307 1022 477 1080 Quare
501 1020 658 1068 Balbe
683 1021 776 1067 tibi
808 1023 1068 1083 permitto,
1092 1019 1465 1082 responderene
1496 1018 1619 1066 mihi
1650 1018 1794 1066 malis

305 1114 369 1161 de
406 1112 611 1177 singulis
646 1113 796 1159 rebus
833 1114 1098 1175 quaerenti
1141 1127 1205 1158 ex
1246 1118 1300 1158 te
1343 1127 1405 1159 ea
1444 1127 1576 1175 quae
1615 1127 1794 1174 parum

306 1208 494 1268 accepi,
520 1222 584 1251 an
613 1207 897 1251 universam
928 1204 1101 1250 audire
1131 1206 1411 1250 orationem
1440 1201 1661 1250 meam.”

368 1297 496 1344 Tum
544 1296 728 1343 Balbus
777 1295 804 1312 ‘⁴
829 1296 939 1360 Ego
981 1311 1098 1343 vero
1139 1298 1179 1343 si
1228 1295 1350 1359 quid
1396 1294 1655 1358 explanari
1699 1295 1792 1342 tibi

305 1388 440 1436 voles
497 1388 803 1451 respondere
855 1387 1005 1444 malo,
1059 1390 1136 1434 sin
1187 1403 1270 1434 me
1321 1390 1634 1451 interrogare
1693 1403 1793 1434 non

305 1489 414 1529 tam
475 1480 807 1544 intellegendi
859 1495 1010 1526 causa
1072 1495 1225 1542 quam
1282 1477 1564 1536 refellendi,
1622 1485 1793 1526 utrum

306 1573 441 1620 voles
475 1571 692 1619 faciam:
745 1571 825 1618 vel
860 1572 925 1618 ad
959 1570 1157 1635 singula
1191 1587 1322 1634 quae
1357 1574 1582 1634 requires
1617 1573 1792 1618 statim

310 1665 626 1728 respondebo
651 1663 730 1710 vel
754 1680 869 1710 cum
892 1666 1138 1726 peroraris
1164 1663 1229 1710 ad
1252 1661 1474 1710 omnia.”

255 1768 282 1806 5
367 1756 497 1803 Tum
523 1755 676 1802 Cotta
700 1754 728 1772 “
754 1754 963 1817 Optime
986 1753 1015 1771 ''
1044 1757 1241 1818 inquit3
1270 1753 1298 1771 “
1323 1770 1477 1817 quam
1505 1754 1570 1801 ob
1593 1769 1702 1801 rem
1726 1756 1795 1802 sic

307 1865 515 1912 agamus
536 1854 594 1894 ut
614 1864 703 1894 nos
724 1850 833 1910 ipsa
854 1847 1007 1894 ducet
1028 1850 1202 1893 oratio.
1273 1845 1341 1893 II.
1378 1845 1479 1893 Sed
1499 1852 1619 1893 ante
1642 1862 1794 1910 quam

307 1941 370 1988 de
395 1956 467 1996 re,
491 1956 651 2002 pauca
677 1939 740 1986 de
765 1955 863 1986 me.
933 1938 1064 1985 Nom
1090 1941 1224 1984 enim
1248 1938 1569 1986 mediocriter
1591 1953 1797 1986 moveor

308 2035 612 2079 auctoritate
648 2038 755 2087 tua,
790 2029 964 2086 Balbe,
999 2033 1330 2093 orationeque
1365 2045 1426 2076 ea
1460 2045 1592 2093 quae
1624 2045 1709 2076 me
1740 2031 1794 2076 in

307 2123 587 2186 perorando
651 2120 1011 2169 cohortabatur
1072 2128 1131 2169 ut
1191 2123 1533 2168 meminissem
1593 2136 1678 2168 me
1739 2127 1794 2168 et

307 2215 512 2262 Cottam
542 2229 651 2261 esse
681 2220 735 2261 et
763 2213 1090 2276 pontificem3
1137 2213 1274 2276 quod
1303 2228 1363 2260 eo
1392 2212 1543 2260 credo
1572 2211 1793 2268 valebat,

307 2313 365 2354 ut,
411 2309 669 2369 opiniones
711 2321 834 2368 quas
883 2321 912 2351 a
957 2305 1228 2351 maioribus
1276 2307 1559 2366 accepimus
1606 2303 1671 2351 de
1717 2303 1793 2351 dis

304 2397 669 2452 inmortalibus,
698 2412 837 2443 saera
865 2398 1190 2442 caerimonias
1219 2394 1589 2459 religionesque
1618 2393 1793 2442 defen-

307 2491 496 2536 derem.
565 2488 674 2552 Ego
703 2503 821 2534 vero
851 2502 935 2534 eas
964 2485 1237 2534 defendam
1265 2502 1466 2551 semper
1492 2500 1795 2551 semperque

308 2591 404 2633 288
