1919 3006
415 725 853 775 FRAGMENTA
890 725 1253 773 EDITIONIS
1291 724 1742 774 POSTERIORIS

965 855 1118 902 LIBRI
1153 855 1177 903 Ι

391 980 433 1023 1.
471 975 658 1022 Nonius
680 993 732 1040 p.
765 980 841 1023 65.
905 974 1181 1039 Digladiari
1217 974 1386 1022 dictum
1415 981 1482 1022 est
1510 972 1752 1022 dissentire
1781 978 1822 1021 et

323 1047 563 1104 dissidere,
579 1047 747 1095 dictum
770 1064 800 1094 a
816 1046 1008 1112 gladiis.
1069 1046 1226 1094 Cicero
1246 1045 1623 1094 Academicorum
1640 1045 1716 1093 lib.
1734 1045 1776 1093 I.
1803 1064 1821 1093 .·

324 1118 461 1178 Quid
497 1126 671 1166 autem
706 1117 1053 1166 stomachatur
1090 1117 1464 1164 Mnesarchus?
1519 1118 1642 1181 quid
1676 1118 1824 1164 Anti-

323 1197 471 1254 pater
495 1189 803 1254 digladiatur
827 1205 942 1236 cum
966 1189 1230 1236 Carneade
1254 1196 1335 1236 tot
1359 1189 1694 1236 voluminibus
1717 1188 1736 1234 ?

388 1268 432 1308 2.
470 1261 596 1308 Non..
618 1279 668 1325 p.
696 1266 756 1308 43
787 1261 895 1324 (s.v.
926 1261 1235 1325 concinnare).
1297 1259 1428 1307 Idem
1454 1259 1504 1307 in
1532 1259 1821 1307 Academicis

324 1332 400 1381 lib.
421 1333 464 1381 I.
491 1353 506 1380 :
555 1333 772 1392 Quicum
796 1333 1124 1381 similitudine
1152 1333 1291 1380 verbi
1310 1335 1574 1380 concinere
1599 1335 1822 1380 maxime

323 1405 417 1452 sibi
441 1405 698 1452 videretur
734 1440 746 1453 .
782 1438 797 1454 .
832 1438 847 1454 .

953 1616 1107 1667 me
1144 1617 1195 1664 II

387 1744 432 1786 3.
470 1739 595 1785 Non.
633 1756 683 1803 p.
727 1744 804 1786 65.
890 1738 1076 1802 Aequor
1117 1736 1174 1784 ab
1215 1754 1361 1802 aequo
1401 1745 1443 1785 et
1475 1737 1622 1802 plano
1666 1736 1824 1785 Cicero

325 1809 700 1857 Academicorum
739 1808 814 1855 lib.
852 1808 922 1857 ΙΙ.
960 1808 1229 1856 vocabulum
1271 1808 1500 1873 accepisse
1540 1808 1781 1873 confirmat
1804 1828 1821 1857 :

324 1881 459 1940 Quid
485 1889 593 1928 tam
618 1881 826 1944 planum
852 1881 1052 1928 videtur
1079 1897 1231 1943 quam
1257 1897 1398 1927 mare
1421 1881 1439 1927 ?
1486 1897 1514 1928 e
1541 1897 1640 1944 quo
1668 1884 1823 1927 etiam

325 1969 514 2016 aequor
533 1952 656 1999 illud
675 1958 861 2015 poetae
883 1959 1078 1999 vocant.

388 2030 432 2070 4.
471 2023 596 2070 Non.
619 2040 669 2087 p.
699 2028 774 2078 69.
835 2022 1085 2070 Adamare.
1151 2023 1308 2071 Cicero
1339 2022 1716 2070 Academicorum
1742 2022 1818 2070 lib.

324 2094 393 2142 ΙΙ.
421 2115 436 2142 .·
492 2094 591 2153 Qui
618 2097 752 2141 enim
787 2097 943 2141 serius
978 2094 1192 2141 honores
1228 2095 1594 2142 adamaverunt
1627 2097 1709 2141 vix
1736 2094 1822 2141 ad-

324 2169 598 2212 mittuntur
633 2166 697 2213 ad
732 2182 814 2212 eos
849 2181 943 2212 nec
976 2169 1097 2213 satis
1131 2166 1471 2212 commendati
1505 2165 1818 2213 multitudini

325 2244 536 2300 possunt
561 2252 685 2283 esse.

390 2313 433 2354 5.
471 2307 596 2354 Non.
615 2325 664 2372 p.
693 2314 796 2354 104.
852 2307 1096 2371 Exponere
1115 2325 1202 2372 pro
1223 2308 1431 2373 exempla
1452 2308 1556 2356 boni
1576 2315 1816 2358 ostentare.

330 2378 486 2427 Cicero
503 2378 790 2426 Academicis
813 2378 887 2426 lib.
906 2379 975 2426 II.
999 2399 1014 2426 .·
1057 2380 1311 2443 Frangere
1334 2384 1613 2437 avaritiam,
1629 2382 1819 2428 scelera

325 2466 531 2514 ponere,
546 2454 701 2497 vitam
721 2467 863 2497 suam
885 2467 1137 2513 exponere
1153 2451 1216 2497 ad
1232 2452 1533 2498 imitandum
1548 2455 1816 2500 iuventuti.

390 2527 434 2568 6.
473 2521 597 2568 Non.
613 2539 664 2586 p.
688 2528 791 2568 121.
845 2520 999 2568 Hebes
1011 2521 1213 2585 positum
1226 2538 1317 2586 pro
1335 2521 1526 2570 obscuro
1545 2530 1623 2570 aut
1642 2523 1813 2573 obtuso.

330 2598 426 2645 456
