1919 3006
1003 168 1253 217 CICERO

272 306 350 347 107
375 296 754 360 comprehensio
779 299 1144 376 perceptioque
1171 296 1307 343 nulla
1331 300 1410 344 sit.
1481 296 1616 356 Quid
1641 299 1730 346 fiet
1757 303 1871 347 arti-

377 368 500 412 bus.
490 367 508 399 ³
577 365 805 423 Quibus.
796 365 814 398 ³
857 367 983 410 iisne
1009 380 1140 426 quae
1165 367 1304 444 ipsae
1330 364 1560 412 fatentur
1585 370 1873 414 coniectura

374 450 428 479 se
451 432 561 495 plus
586 435 661 479 uti
685 449 837 495 quam
861 435 1089 487 scientia,
1114 448 1177 477 an
1200 435 1258 478 115
1282 449 1412 495 quae
1436 439 1640 480 tantum
1661 434 1714 481 id
1736 435 1872 498 quod

374 501 572 547 videtur
604 507 886 562 sequuntur
918 515 1012 545 nec
1043 497 1238 546 habent
1269 502 1420 546 istam
1453 508 1617 548 artem
1648 509 1871 549 vestram

373 584 474 631 qua
496 584 616 614 vera
640 574 693 614 et
717 566 842 613 falsa
866 566 1179 613 diiudicent.
1170 566 1188 600 ³

455 633 590 681 ‘Sed
624 633 710 680 illa
743 641 860 680 sunt
893 633 1083 679 lumina
1116 634 1215 680 duo
1249 649 1380 696 quae
1413 637 1635 681 maxime
1667 651 1871 682 causam

371 704 521 748 istam
543 705 821 748 continent.
893 701 1116 747 Primum
1139 703 1273 747 enim
1295 704 1494 764 negatis
1516 702 1623 748 fieri
1644 718 1791 764 posse
1812 709 1871 750 ut

372 773 638 832 quisquam
667 768 788 815 nulli
817 771 888 814 rei
920 769 1254 823 adsentiatur,
1284 775 1338 815 et
1363 768 1417 814 id
1445 769 1651 831 quidem
1679 773 1869 832 perspi-

371 853 521 883 cuum
568 842 715 883 esse.1
783 835 911 882 Cum
953 835 1244 890 Panaetius,
1284 838 1517 898 princeps
1556 852 1714 899 prope
1753 853 1869 884 meo

371 905 577 967 quidem
602 904 785 950 iudicio
811 902 1110 958 Stoicorum,
1137 919 1199 949 ea
1223 902 1287 949 (16
1312 919 1367 949 16
1393 903 1628 950 dubitare
1653 920 1708 951 se
1734 904 1871 951 dicat

371 988 524 1035 quam
551 987 725 1018 omnes
751 977 955 1033 praeter
983 986 1100 1016 eum
1126 968 1280 1016 Stoici
1307 973 1639 1018 certissimam
1663 978 1869 1034 putant,

368 1055 488 1085 vera
534 1055 643 1085 esse
686 1037 1008 1100 haruspicum
1049 1043 1327 1099 responsa,²
1371 1041 1609 1100 auspicia,
1650 1038 1868 1095 oracula,

369 1109 580 1161 somnia,
617 1108 1020 1160 vaticinationes,
1055 1121 1211 1167 seque
1248 1105 1311 1151 ab
1348 1105 1566 1152 adsensu
1599 1109 1868 1162 sustineat,

369 1173 505 1236 quod
533 1176 573 1220 is
603 1180 776 1236 potest
812 1171 979 1219 facere
1013 1175 1188 1218 etiam3
1220 1171 1284 1218 de
1313 1174 1372 1219 iis
1401 1173 1553 1219 rebus
1585 1189 1709 1235 quas
1738 1172 1807 1219 illi
1839 1191 1869 1220 a

370 1242 550 1304 quibus
583 1243 690 1303 ipse
721 1240 896 1287 didicit
924 1246 1088 1286 certas
1118 1238 1445 1296 habuerunt,⁴
1474 1256 1562 1286 cur
1588 1239 1641 1287 id
1668 1243 1867 1303 sapiens

369 1309 432 1355 de
460 1308 664 1370 reliquis
692 1309 842 1354 rebus
870 1306 1037 1354 facere
1066 1323 1167 1353 non
1194 1307 1394 1369 possit?
1461 1307 1545 1354 An
1573 1314 1652 1354 est
1680 1307 1868 1370 aliquid

369 1376 506 1438 quod
544 1378 766 1438 positum
806 1373 885 1421 vel
924 1375 1210 1437 improbare
1250 1373 1329 1420 vel
1371 1373 1651 1437 adprobare
1691 1379 1867 1437 possit,

368 1443 603 1490 dubitare
627 1459 728 1489 non
750 1445 909 1505 possit
932 1442 950 1488 ?
994 1458 1058 1487 an
1081 1448 1139 1488 tu
1161 1444 1214 1487 in
1236 1444 1401 1488 soritis
1423 1445 1613 1504 poteris
1636 1440 1730 1489 hoc
1753 1459 1868 1489 cum

368 1510 521 1566 voles,
551 1509 634 1556 ille
663 1512 716 1556 in
743 1509 949 1572 reliquis
978 1510 1129 1556 rebus
1158 1525 1260 1555 non
1287 1512 1479 1571 poterit
1508 1509 1688 1556 eodem
1717 1509 1868 1556 modo

366 1581 618 1633 insistere,
635 1580 937 1639 praesertim
955 1593 1070 1623 cum
1087 1579 1247 1638 possit
1265 1579 1371 1622 sine
1391 1576 1689 1624 adsensione
1706 1579 1868 1639 ipsam

265 1651 343 1693 208
370 1648 471 1691 veri
504 1644 887 1692 similitudinem
919 1660 1020 1690 non
1050 1644 1350 1706 impeditam
1381 1646 1557 1706 sequi.
1547 1644 1565 1678 ³
1632 1643 1868 1691 Alterum

368 1719 447 1759 est
473 1713 609 1776 quod
635 1715 834 1775 negatis
863 1714 1115 1757 actionem
1142 1710 1288 1757 ullius
1313 1713 1387 1757 rei
1413 1726 1560 1773 posse
1586 1713 1640 1757 in
1667 1727 1729 1758 60
1757 1727 1866 1758 6556

368 1783 454 1858 qui
494 1779 683 1826 nullam
722 1795 830 1825 rem
871 1778 1088 1825 adsensu
1128 1794 1218 1824 suo
1258 1779 1590 1841 comprobet3
1647 1781 1866 1840 primum

369 1849 503 1894 enim
545 1846 699 1894 videri
747 1852 967 1908 oportet,
1008 1848 1060 1891 in
1107 1861 1206 1908 quo
1254 1851 1352 1892 est⁵
1401 1848 1558 1892 etiam
1606 1845 1865 1901 adsensus,

368 1914 543 1962 dicunt
577 1917 710 1960 enim
744 1912 896 1960 Stoici
929 1929 1104 1959 sensus
1136 1916 1269 1975 ipsos
1304 1912 1545 1959 adsensus
1578 1928 1706 1968 esse,
1739 1929 1864 1976 quos

369 1985 606 2046 quoniam
633 1982 883 2043 adpetitio
908 1987 1265 2043 consequatur,
1292 1982 1544 2027 actionem
1569 1983 1730 2043 sequi,
1755 1979 1861 2027 tolli

548 2108 639 2150 ¹et
657 2107 701 2150 id
723 2107 904 2161 quidem
924 2120 967 2159 p.
989 2120 1083 2147 esse
1102 2106 1247 2147 Reid·
1284 2109 1372 2147 at.
1450 2137 1460 2148 .
1491 2110 1557 2147 est
1576 2107 1698 2148 codd.

606 2163 622 2188 ²
652 2176 862 2214 responsa
882 2162 1068 2201 inseruit
1090 2160 1293 2201 Ernesti:
1324 2162 1474 2201 omnia
1495 2162 1516 2201 Ρ
1535 2159 1665 2202 Reid.

665 2219 844 2257 36113111
865 2218 886 2256 ?
904 2215 1048 2256 Reid.
1082 2219 1130 2255 ut
1150 2214 1299 2255 codd.
1320 2213 1389 2255 vel
1412 2213 1612 2256 G'oerem.

741 2271 757 2295 ⁴
786 2269 1039 2311 habuerunt
1058 2269 1249 2308 Kaiser·
1282 2269 1396 2308 erint
1414 2268 1539 2310 codd.

868 2324 884 2348 ⁵
914 2327 980 2365 est
999 2322 1143 2363 Reid:
1175 2324 1231 2362 sit
1250 2322 1374 2363 codd.

416 2488 433 2506 ⁰
465 2484 765 2532 ἀνεμπόδιστος,
818 2481 904 2529 i.e.‚
956 2481 1031 2519 not
1074 2479 1360 2518 inconsistent
1404 2476 1508 2517 with
1563 2490 1684 2520 some
1738 2477 1863 2519 other

363 2540 580 2589 apparent
600 2535 734 2577 truth.

371 2601 468 2649 604
