<?xml version="1.0" encoding="UTF-8"?>
<!DOCTYPE html PUBLIC "-//W3C//DTD XHTML 1.0 Transitional//EN"
    "http://www.w3.org/TR/xhtml1/DTD/xhtml1-transitional.dtd">
<html xmlns="http://www.w3.org/1999/xhtml" xml:lang="en" lang="en">
 <head>
  <title>
</title>
<meta http-equiv="Content-Type" content="text/html;charset=utf-8" />
  <meta name='ocr-system' content='tesseract 3.04.00' />
  <meta name='ocr-capabilities' content='ocr_page ocr_carea ocr_par ocr_line ocrx_word'/>
</head>
<body>
  <div class='ocr_page' id='page_1' title='image "./denaturadeorumac00ciceuoft_0144.png"; bbox 0 0 1853 3001; ppageno 0'>
   <div class='ocr_carea' id='block_1_1' title="bbox 854 222 1107 272">
    <p class='ocr_par' dir='ltr' id='par_1_1' title="bbox 854 222 1107 272">
     <span class='ocr_line' id='line_1_1' title="bbox 854 222 1107 272; baseline 0.004 -1"><span class='ocrx_word' id='word_1_1' title='bbox 854 222 1107 272; x_wconf 86' lang='lat' dir='ltr'>CICERO</span> 
     </span>
    </p>
   </div>
   <div class='ocr_carea' id='block_1_2' title="bbox 129 353 1732 1272">
    <p class='ocr_par' dir='ltr' id='par_1_2' title="bbox 232 353 1726 418">
     <span class='ocr_line' id='line_1_2' title="bbox 232 353 1726 418; baseline -0.001 -16"><span class='ocrx_word' id='word_1_2' title='bbox 232 373 285 402; x_wconf 92' lang='lat' dir='ltr'>1n</span> <span class='ocrx_word' id='word_1_3' title='bbox 305 372 515 402; x_wconf 88' lang='lat' dir='ltr'>numero</span> <span class='ocrx_word' id='word_1_4' title='bbox 537 353 712 401; x_wconf 89' lang='lat' dir='ltr'>habita</span> <span class='ocrx_word' id='word_1_5' title='bbox 735 370 844 402; x_wconf 90' lang='lat' dir='ltr'>esse</span> <span class='ocrx_word' id='word_1_6' title='bbox 866 355 1013 410; x_wconf 81' lang='lat' dir='ltr'>dixit,</span> <span class='ocrx_word' id='word_1_7' title='bbox 1030 371 1183 418; x_wconf 91' lang='lat' dir='ltr'>quam</span> <span class='ocrx_word' id='word_1_8' title='bbox 1203 354 1415 401; x_wconf 89' lang='lat' dir='ltr'>tandem</span> <span class='ocrx_word' id='word_1_9' title='bbox 1428 353 1726 418; x_wconf 85' lang='lat' dir='ltr'>religionem</span> 
     </span>
    </p>

    <p class='ocr_par' dir='ltr' id='par_1_3' title="bbox 129 431 1732 1272">
     <span class='ocr_line' id='line_1_3' title="bbox 129 431 1725 497; baseline -0.002 -16"><span class='ocrx_word' id='word_1_10' title='bbox 129 440 209 482; x_wconf 90' lang='lat'>119</span> <span class='ocrx_word' id='word_1_11' title='bbox 232 433 438 497; x_wconf 89' lang='lat' dir='ltr'>reliquit</span> <span class='ocrx_word' id='word_1_12' title='bbox 460 434 478 479; x_wconf 91' lang='lat'>?</span> <span class='ocrx_word' id='word_1_13' title='bbox 522 432 674 491; x_wconf 81' lang='lat' dir='ltr'>Quid,</span> <span class='ocrx_word' id='word_1_14' title='bbox 701 435 786 495; x_wconf 93' lang='lat' dir='ltr'>qui</span> <span class='ocrx_word' id='word_1_15' title='bbox 812 439 901 479; x_wconf 89' lang='lat' dir='ltr'>aut</span> <span class='ocrx_word' id='word_1_16' title='bbox 924 431 1067 479; x_wconf 91' lang='lat' dir='ltr'>fortis</span> <span class='ocrx_word' id='word_1_17' title='bbox 1093 439 1182 479; x_wconf 89' lang='lat' dir='ltr'>aut</span> <span class='ocrx_word' id='word_1_18' title='bbox 1206 431 1362 478; x_wconf 88' lang='lat' dir='ltr'>claros</span> <span class='ocrx_word' id='word_1_19' title='bbox 1388 438 1478 478; x_wconf 90' lang='lat' dir='ltr'>aut</span> <span class='ocrx_word' id='word_1_20' title='bbox 1500 433 1725 494; x_wconf 83' lang='lat' dir='ltr'>potentis</span> 
     </span>
     <span class='ocr_line' id='line_1_4' title="bbox 232 510 1725 572; baseline -0.002 -14"><span class='ocrx_word' id='word_1_21' title='bbox 232 514 361 558; x_wconf 89' lang='lat' dir='ltr'>viros</span> <span class='ocrx_word' id='word_1_22' title='bbox 381 511 592 557; x_wconf 88' lang='lat' dir='ltr'>tradunt</span> <span class='ocrx_word' id='word_1_23' title='bbox 624 517 740 572; x_wconf 91' lang='lat' dir='ltr'>post</span> <span class='ocrx_word' id='word_1_24' title='bbox 772 517 990 556; x_wconf 89' lang='lat' dir='ltr'>mortem</span> <span class='ocrx_word' id='word_1_25' title='bbox 1026 510 1090 556; x_wconf 88' lang='lat' dir='ltr'>ad</span> <span class='ocrx_word' id='word_1_26' title='bbox 1123 510 1244 557; x_wconf 92' lang='lat' dir='ltr'>deos</span> <span class='ocrx_word' id='word_1_27' title='bbox 1277 511 1583 572; x_wconf 89' lang='lat' dir='ltr'>pervenisse,</span> <span class='ocrx_word' id='word_1_28' title='bbox 1618 524 1725 555; x_wconf 92' lang='lat' dir='ltr'>eos-</span> 
     </span>
     <span class='ocr_line' id='line_1_5' title="bbox 235 575 1724 652; baseline -0.002 -17"><span class='ocrx_word' id='word_1_29' title='bbox 235 605 333 652; x_wconf 88' lang='lat' dir='ltr'>que</span> <span class='ocrx_word' id='word_1_30' title='bbox 371 604 480 635; x_wconf 93' lang='lat' dir='ltr'>esse</span> <span class='ocrx_word' id='word_1_31' title='bbox 516 591 649 650; x_wconf 89' lang='lat' dir='ltr'>ipsos</span> <span class='ocrx_word' id='word_1_32' title='bbox 678 604 802 650; x_wconf 88' lang='lat' dir='ltr'>quos</span> <span class='ocrx_word' id='word_1_33' title='bbox 838 604 928 634; x_wconf 90' lang='lat' dir='ltr'>nos</span> <span class='ocrx_word' id='word_1_34' title='bbox 965 587 1128 635; x_wconf 88' lang='lat' dir='ltr'>colere</span> <span class='ocrx_word' id='word_1_35' title='bbox 1164 589 1358 650; x_wconf 89' lang='lat' dir='ltr'>precari</span> <span class='ocrx_word' id='word_1_36' title='bbox 1393 575 1724 649; x_wconf 62' lang='lat' dir='ltr'>Venerarique</span> 
     </span>
     <span class='ocr_line' id='line_1_6' title="bbox 234 663 1723 728; baseline -0.003 -15"><span class='ocrx_word' id='word_1_37' title='bbox 234 665 500 721; x_wconf 80' lang='lat' dir='ltr'>soleamus,</span> <span class='ocrx_word' id='word_1_38' title='bbox 526 682 694 711; x_wconf 89' lang='lat' dir='ltr'>nonne</span> <span class='ocrx_word' id='word_1_39' title='bbox 721 672 958 727; x_wconf 80' lang='lat' dir='ltr'>expertes</span> <span class='ocrx_word' id='word_1_40' title='bbox 985 672 1103 712; x_wconf 92' lang='lat' dir='ltr'>sunt</span> <span class='ocrx_word' id='word_1_41' title='bbox 1128 664 1429 728; x_wconf 85' lang='lat' dir='ltr'>religionum</span> <span class='ocrx_word' id='word_1_42' title='bbox 1456 666 1682 711; x_wconf 90' lang='lat' dir='ltr'>omnium</span> <span class='ocrx_word' id='word_1_43' title='bbox 1703 663 1723 710; x_wconf 92' lang='lat'>?</span> 
     </span>
     <span class='ocr_line' id='line_1_7' title="bbox 235 740 1728 807; baseline -0.003 -17"><span class='ocrx_word' id='word_1_44' title='bbox 235 759 366 807; x_wconf 91' lang='lat' dir='ltr'>quae</span> <span class='ocrx_word' id='word_1_45' title='bbox 392 746 523 789; x_wconf 84' lang='lat' dir='ltr'>ratio</span> <span class='ocrx_word' id='word_1_46' title='bbox 549 745 770 788; x_wconf 76' lang='lat' dir='ltr'>maxime</span> <span class='ocrx_word' id='word_1_47' title='bbox 797 749 1019 789; x_wconf 87' lang='lat' dir='ltr'>tractata</span> <span class='ocrx_word' id='word_1_48' title='bbox 1046 743 1109 789; x_wconf 91' lang='lat' dir='ltr'>ab</span> <span class='ocrx_word' id='word_1_49' title='bbox 1136 740 1424 788; x_wconf 87' lang='lat' dir='ltr'>Euhemero</span> <span class='ocrx_word' id='word_1_50' title='bbox 1452 748 1547 796; x_wconf 88' lang='lat' dir='ltr'>est,</span> <span class='ocrx_word' id='word_1_51' title='bbox 1574 756 1728 804; x_wconf 91' lang='lat' dir='ltr'>quem</span> 
     </span>
     <span class='ocr_line' id='line_1_8' title="bbox 236 823 1728 882; baseline -0.003 -14"><span class='ocrx_word' id='word_1_52' title='bbox 236 827 409 868; x_wconf 89' lang='lat' dir='ltr'>noster</span> <span class='ocrx_word' id='word_1_53' title='bbox 433 827 486 867; x_wconf 90' lang='lat' dir='ltr'>et</span> <span class='ocrx_word' id='word_1_54' title='bbox 508 823 875 882; x_wconf 88' lang='lat' dir='ltr'>interpretatus</span> <span class='ocrx_word' id='word_1_55' title='bbox 901 827 954 867; x_wconf 94' lang='lat' dir='ltr'>et</span> <span class='ocrx_word' id='word_1_56' title='bbox 977 827 1179 867; x_wconf 89' lang='lat' dir='ltr'>secutus</span> <span class='ocrx_word' id='word_1_57' title='bbox 1204 826 1283 866; x_wconf 91' lang='lat' dir='ltr'>est</span> <span class='ocrx_word' id='word_1_58' title='bbox 1304 825 1510 881; x_wconf 89' lang='lat' dir='ltr'>praeter</span> <span class='ocrx_word' id='word_1_59' title='bbox 1531 825 1728 865; x_wconf 89' lang='lat' dir='ltr'>ceteros</span> 
     </span>
     <span class='ocr_line' id='line_1_9' title="bbox 238 894 1729 957; baseline -0.002 -13"><span class='ocrx_word' id='word_1_60' title='bbox 238 898 467 953; x_wconf 86' lang='lat' dir='ltr'>Ennius;</span> <span class='ocrx_word' id='word_1_61' title='bbox 510 898 573 944; x_wconf 90' lang='lat' dir='ltr'>ab</span> <span class='ocrx_word' id='word_1_62' title='bbox 612 896 900 944; x_wconf 86' lang='lat' dir='ltr'>Euhemero</span> <span class='ocrx_word' id='word_1_63' title='bbox 937 904 1110 944; x_wconf 91' lang='lat' dir='ltr'>autem</span> <span class='ocrx_word' id='word_1_64' title='bbox 1148 903 1202 944; x_wconf 93' lang='lat' dir='ltr'>et</span> <span class='ocrx_word' id='word_1_65' title='bbox 1238 903 1427 943; x_wconf 89' lang='lat' dir='ltr'>mortes</span> <span class='ocrx_word' id='word_1_66' title='bbox 1469 902 1523 942; x_wconf 93' lang='lat' dir='ltr'>et</span> <span class='ocrx_word' id='word_1_67' title='bbox 1563 894 1729 957; x_wconf 92' lang='lat' dir='ltr'>sepul-</span> 
     </span>
     <span class='ocr_line' id='line_1_10' title="bbox 236 971 1728 1037; baseline -0.003 -15"><span class='ocrx_word' id='word_1_68' title='bbox 236 983 383 1022; x_wconf 89' lang='lat' dir='ltr'>turae</span> <span class='ocrx_word' id='word_1_69' title='bbox 409 975 823 1021; x_wconf 75' lang='lat' dir='ltr'>demonstrantur</span> <span class='ocrx_word' id='word_1_70' title='bbox 848 975 1059 1022; x_wconf 90' lang='lat' dir='ltr'>deorum</span> <span class='ocrx_word' id='word_1_71' title='bbox 1084 990 1096 1031; x_wconf 87' lang='lat'>;</span> <span class='ocrx_word' id='word_1_72' title='bbox 1133 981 1304 1021; x_wconf 84' lang='lat' dir='ltr'>utrum</span> <span class='ocrx_word' id='word_1_73' title='bbox 1327 976 1484 1037; x_wconf 82' lang='lat' dir='ltr'>igitur</span> <span class='ocrx_word' id='word_1_74' title='bbox 1508 971 1588 1018; x_wconf 92' lang='lat' dir='ltr'>hic</span> <span class='ocrx_word' id='word_1_75' title='bbox 1613 988 1728 1019; x_wconf 90' lang='lat' dir='ltr'>con-</span> 
     </span>
     <span class='ocr_line' id='line_1_11' title="bbox 238 1051 1730 1116; baseline -0.002 -17"><span class='ocrx_word' id='word_1_76' title='bbox 238 1053 461 1100; x_wconf 88' lang='lat' dir='ltr'>firmasse</span> <span class='ocrx_word' id='word_1_77' title='bbox 499 1052 699 1099; x_wconf 89' lang='lat' dir='ltr'>videtur</span> <span class='ocrx_word' id='word_1_78' title='bbox 733 1051 1032 1116; x_wconf 87' lang='lat' dir='ltr'>religionem</span> <span class='ocrx_word' id='word_1_79' title='bbox 1077 1069 1141 1098; x_wconf 90' lang='lat' dir='ltr'>an</span> <span class='ocrx_word' id='word_1_80' title='bbox 1178 1054 1382 1115; x_wconf 90' lang='lat' dir='ltr'>penitus</span> <span class='ocrx_word' id='word_1_81' title='bbox 1425 1057 1590 1097; x_wconf 91' lang='lat' dir='ltr'>totam</span> <span class='ocrx_word' id='word_1_82' title='bbox 1624 1065 1730 1096; x_wconf 91' lang='lat' dir='ltr'>sus-</span> 
     </span>
     <span class='ocr_line' id='line_1_12' title="bbox 238 1127 1732 1178; baseline -0.001 0"><span class='ocrx_word' id='word_1_83' title='bbox 238 1129 439 1178; x_wconf 84' lang='lat' dir='ltr'>tulisse?</span> <span class='ocrx_word' id='word_1_84' title='bbox 533 1129 731 1177; x_wconf 89' lang='lat' dir='ltr'>Omitto</span> <span class='ocrx_word' id='word_1_85' title='bbox 808 1130 1100 1177; x_wconf 89' lang='lat' dir='ltr'>Eleusinem</span> <span class='ocrx_word' id='word_1_86' title='bbox 1174 1136 1401 1177; x_wconf 84' lang='lat' dir='ltr'>sanctam</span> <span class='ocrx_word' id='word_1_87' title='bbox 1474 1127 1611 1174; x_wconf 86' lang='lat' dir='ltr'>illam</span> <span class='ocrx_word' id='word_1_88' title='bbox 1675 1132 1732 1176; x_wconf 78' lang='lat' dir='ltr'>et</span> 
     </span>
     <span class='ocr_line' id='line_1_13' title="bbox 240 1214 527 1272; baseline -0.01 -16"><span class='ocrx_word' id='word_1_89' title='bbox 240 1214 527 1272; x_wconf 81' lang='lat' dir='ltr'>augustam,</span> 
     </span>
    </p>
   </div>
   <div class='ocr_carea' id='block_1_3' title="bbox 235 1307 1478 1470">
    <p class='ocr_par' dir='ltr' id='par_1_4' title="bbox 235 1307 1478 1470">
     <span class='ocr_line' id='line_1_14' title="bbox 412 1307 1327 1360; baseline 0 -12"><span class='ocrx_word' id='word_1_90' title='bbox 412 1307 491 1349; x_wconf 91' lang='lat' dir='ltr'>ubi</span> <span class='ocrx_word' id='word_1_91' title='bbox 511 1309 740 1348; x_wconf 86' lang='lat' dir='ltr'>initiantur</span> <span class='ocrx_word' id='word_1_92' title='bbox 760 1312 913 1360; x_wconf 85' lang='lat' dir='ltr'>gentes</span> <span class='ocrx_word' id='word_1_93' title='bbox 934 1321 1112 1348; x_wconf 88' lang='lat' dir='ltr'>orarum</span> <span class='ocrx_word' id='word_1_94' title='bbox 1131 1307 1327 1354; x_wconf 84' lang='lat' dir='ltr'>ultimae,</span> 
     </span>
     <span class='ocr_line' id='line_1_15' title="bbox 235 1403 1478 1470; baseline -0.002 -17"><span class='ocrx_word' id='word_1_95' title='bbox 235 1411 504 1470; x_wconf 90' lang='lat' dir='ltr'>praetereo</span> <span class='ocrx_word' id='word_1_96' title='bbox 529 1403 926 1450; x_wconf 75' lang='lat' dir='ltr'>Samothraciam</span> <span class='ocrx_word' id='word_1_97' title='bbox 952 1421 1114 1468; x_wconf 89' lang='lat' dir='ltr'>eaque</span> <span class='ocrx_word' id='word_1_98' title='bbox 1140 1420 1271 1468; x_wconf 91' lang='lat' dir='ltr'>quae</span> <span class='ocrx_word' id='word_1_99' title='bbox 1297 1403 1478 1451; x_wconf 89' lang='lat' dir='ltr'>Lemni</span> 
     </span>
    </p>
   </div>
   <div class='ocr_carea' id='block_1_4' title="bbox 138 1510 1736 2344">
    <p class='ocr_par' dir='ltr' id='par_1_5' title="bbox 239 1510 1735 1803">
     <span class='ocr_line' id='line_1_16' title="bbox 414 1510 1191 1553; baseline -0.001 0"><span class='ocrx_word' id='word_1_100' title='bbox 414 1515 629 1553; x_wconf 89' lang='lat' dir='ltr'>nocturno</span> <span class='ocrx_word' id='word_1_101' title='bbox 651 1511 774 1552; x_wconf 89' lang='lat' dir='ltr'>aditu</span> <span class='ocrx_word' id='word_1_102' title='bbox 796 1511 968 1552; x_wconf 88' lang='lat' dir='ltr'>occulta</span> <span class='ocrx_word' id='word_1_103' title='bbox 988 1510 1191 1552; x_wconf 90' lang='lat' dir='ltr'>coluntur</span> 
     </span>
     <span class='ocr_line' id='line_1_17' title="bbox 472 1565 1142 1618; baseline 0 -12"><span class='ocrx_word' id='word_1_104' title='bbox 472 1565 742 1606; x_wconf 84' lang='lat' dir='ltr'>silvestribus</span> <span class='ocrx_word' id='word_1_105' title='bbox 764 1566 969 1618; x_wconf 85' lang='lat' dir='ltr'>saepibus</span> <span class='ocrx_word' id='word_1_106' title='bbox 991 1565 1142 1612; x_wconf 83' lang='lat' dir='ltr'>densa,</span> 
     </span>
     <span class='ocr_line' id='line_1_18' title="bbox 239 1661 1735 1726; baseline -0.001 -17"><span class='ocrx_word' id='word_1_107' title='bbox 239 1663 421 1726; x_wconf 92' lang='lat' dir='ltr'>quibus</span> <span class='ocrx_word' id='word_1_108' title='bbox 471 1661 733 1725; x_wconf 81' lang='lat' dir='ltr'>explicatis</span> <span class='ocrx_word' id='word_1_109' title='bbox 780 1662 845 1709; x_wconf 89' lang='lat' dir='ltr'>ad</span> <span class='ocrx_word' id='word_1_110' title='bbox 884 1665 1236 1726; x_wconf 86' lang='lat' dir='ltr'>rationemque</span> <span class='ocrx_word' id='word_1_111' title='bbox 1276 1663 1521 1708; x_wconf 86' lang='lat' dir='ltr'>revocatis</span> <span class='ocrx_word' id='word_1_112' title='bbox 1565 1677 1735 1709; x_wconf 89' lang='lat' dir='ltr'>rerum</span> 
     </span>
     <span class='ocr_line' id='line_1_19' title="bbox 239 1740 1371 1803; baseline -0.001 -17"><span class='ocrx_word' id='word_1_113' title='bbox 239 1743 400 1803; x_wconf 90' lang='lat' dir='ltr'>magis</span> <span class='ocrx_word' id='word_1_114' title='bbox 425 1747 607 1786; x_wconf 88' lang='lat' dir='ltr'>natura</span> <span class='ocrx_word' id='word_1_115' title='bbox 630 1742 947 1803; x_wconf 82' lang='lat' dir='ltr'>cognoscitur</span> <span class='ocrx_word' id='word_1_116' title='bbox 970 1757 1122 1803; x_wconf 90' lang='lat' dir='ltr'>quam</span> <span class='ocrx_word' id='word_1_117' title='bbox 1146 1740 1371 1786; x_wconf 84' lang='lat' dir='ltr'>deorum.</span> 
     </span>
    </p>

    <p class='ocr_par' dir='ltr' id='par_1_6' title="bbox 138 1816 1736 2344">
     <span class='ocr_line' id='line_1_20' title="bbox 138 1816 1734 1880; baseline -0.001 -15"><span class='ocrx_word' id='word_1_118' title='bbox 138 1823 219 1866; x_wconf 89' lang='grc'>120</span> <span class='ocrx_word' id='word_1_119' title='bbox 306 1816 500 1863; x_wconf 86' lang='lat' dir='ltr'>XLIII.</span> <span class='ocrx_word' id='word_1_120' title='bbox 539 1816 565 1832; x_wconf 90' lang='lat'><strong>“</strong></span> <span class='ocrx_word' id='word_1_121' title='bbox 593 1816 722 1862; x_wconf 83' lang='lat' dir='ltr'>Mihi</span> <span class='ocrx_word' id='word_1_122' title='bbox 786 1817 992 1880; x_wconf 88' lang='lat' dir='ltr'>quidem</span> <span class='ocrx_word' id='word_1_123' title='bbox 1057 1820 1212 1863; x_wconf 89' lang='lat' dir='ltr'>etiam</span> <span class='ocrx_word' id='word_1_124' title='bbox 1275 1816 1598 1863; x_wconf 88' lang='lat' dir='ltr'>Democritus</span> <span class='ocrx_word' id='word_1_125' title='bbox 1660 1818 1734 1863; x_wconf 90' lang='lat' dir='ltr'>vir</span> 
     </span>
     <span class='ocr_line' id='line_1_21' title="bbox 242 1892 1733 1958; baseline 0 -18"><span class='ocrx_word' id='word_1_126' title='bbox 242 1911 456 1958; x_wconf 87' lang='lat' dir='ltr'>magnus</span> <span class='ocrx_word' id='word_1_127' title='bbox 489 1897 540 1940; x_wconf 90' lang='lat' dir='ltr'>in</span> <span class='ocrx_word' id='word_1_128' title='bbox 573 1897 763 1956; x_wconf 89' lang='lat' dir='ltr'>primis,</span> <span class='ocrx_word' id='word_1_129' title='bbox 798 1898 937 1941; x_wconf 89' lang='lat' dir='ltr'>cuius</span> <span class='ocrx_word' id='word_1_130' title='bbox 971 1893 1195 1941; x_wconf 89' lang='lat' dir='ltr'>fontibus</span> <span class='ocrx_word' id='word_1_131' title='bbox 1229 1894 1475 1956; x_wconf 89' lang='lat' dir='ltr'>Epicurus</span> <span class='ocrx_word' id='word_1_132' title='bbox 1508 1892 1733 1940; x_wconf 90' lang='lat' dir='ltr'>hortulos</span> 
     </span>
     <span class='ocr_line' id='line_1_22' title="bbox 243 1971 1730 2035; baseline 0 -17"><span class='ocrx_word' id='word_1_133' title='bbox 243 1989 356 2018; x_wconf 90' lang='lat' dir='ltr'>suos</span> <span class='ocrx_word' id='word_1_134' title='bbox 403 1975 657 2035; x_wconf 84' lang='lat' dir='ltr'>inrigavit,</span> <span class='ocrx_word' id='word_1_135' title='bbox 705 1979 885 2018; x_wconf 90' lang='lat' dir='ltr'>nutare</span> <span class='ocrx_word' id='word_1_136' title='bbox 933 1973 1134 2019; x_wconf 89' lang='lat' dir='ltr'>videtur</span> <span class='ocrx_word' id='word_1_137' title='bbox 1178 1974 1231 2017; x_wconf 87' lang='lat' dir='ltr'>in</span> <span class='ocrx_word' id='word_1_138' title='bbox 1276 1977 1460 2018; x_wconf 87' lang='lat' dir='ltr'>natura</span> <span class='ocrx_word' id='word_1_139' title='bbox 1505 1971 1730 2018; x_wconf 90' lang='lat' dir='ltr'>deorum.</span> 
     </span>
     <span class='ocr_line' id='line_1_23' title="bbox 241 2048 1735 2112; baseline -0.001 -17"><span class='ocrx_word' id='word_1_140' title='bbox 241 2049 371 2096; x_wconf 89' lang='lat' dir='ltr'>Tum</span> <span class='ocrx_word' id='word_1_141' title='bbox 406 2053 539 2095; x_wconf 86' lang='lat' dir='ltr'>enim</span> <span class='ocrx_word' id='word_1_142' title='bbox 576 2056 751 2096; x_wconf 91' lang='lat' dir='ltr'>censet</span> <span class='ocrx_word' id='word_1_143' title='bbox 786 2052 1032 2112; x_wconf 86' lang='lat' dir='ltr'>imagines</span> <span class='ocrx_word' id='word_1_144' title='bbox 1069 2050 1335 2096; x_wconf 86' lang='lat' dir='ltr'>divinitate</span> <span class='ocrx_word' id='word_1_145' title='bbox 1370 2048 1627 2111; x_wconf 89' lang='lat' dir='ltr'>praeditas</span> <span class='ocrx_word' id='word_1_146' title='bbox 1661 2051 1735 2094; x_wconf 91' lang='lat' dir='ltr'>in-</span> 
     </span>
     <span class='ocr_line' id='line_1_24' title="bbox 245 2129 1733 2189; baseline -0.001 -16"><span class='ocrx_word' id='word_1_147' title='bbox 245 2143 353 2173; x_wconf 89' lang='lat' dir='ltr'>esse</span> <span class='ocrx_word' id='word_1_148' title='bbox 378 2130 430 2173; x_wconf 92' lang='lat' dir='ltr'>in</span> <span class='ocrx_word' id='word_1_149' title='bbox 455 2129 785 2173; x_wconf 86' lang='lat' dir='ltr'>universitate</span> <span class='ocrx_word' id='word_1_150' title='bbox 810 2143 996 2182; x_wconf 89' lang='lat' dir='ltr'>rerum,</span> <span class='ocrx_word' id='word_1_151' title='bbox 1013 2133 1122 2173; x_wconf 91' lang='lat' dir='ltr'>tum</span> <span class='ocrx_word' id='word_1_152' title='bbox 1138 2129 1383 2189; x_wconf 88' lang='lat' dir='ltr'>principia</span> <span class='ocrx_word' id='word_1_153' title='bbox 1398 2129 1582 2172; x_wconf 88' lang='lat' dir='ltr'>mentis</span> <span class='ocrx_word' id='word_1_154' title='bbox 1603 2141 1733 2188; x_wconf 89' lang='lat' dir='ltr'>quae</span> 
     </span>
     <span class='ocr_line' id='line_1_25' title="bbox 239 2204 1734 2259; baseline -0.002 -8"><span class='ocrx_word' id='word_1_155' title='bbox 239 2207 360 2251; x_wconf 87' lang='lat' dir='ltr'>sint1</span> <span class='ocrx_word' id='word_1_156' title='bbox 403 2207 456 2250; x_wconf 91' lang='lat' dir='ltr'>in</span> <span class='ocrx_word' id='word_1_157' title='bbox 496 2204 675 2250; x_wconf 89' lang='lat' dir='ltr'>eodem</span> <span class='ocrx_word' id='word_1_158' title='bbox 719 2207 949 2250; x_wconf 86' lang='lat' dir='ltr'>universo</span> <span class='ocrx_word' id='word_1_159' title='bbox 996 2204 1116 2251; x_wconf 90' lang='lat' dir='ltr'>deos</span> <span class='ocrx_word' id='word_1_160' title='bbox 1158 2219 1267 2251; x_wconf 90' lang='lat' dir='ltr'>esse</span> <span class='ocrx_word' id='word_1_161' title='bbox 1307 2204 1446 2259; x_wconf 90' lang='lat' dir='ltr'>dicit,</span> <span class='ocrx_word' id='word_1_162' title='bbox 1479 2209 1590 2250; x_wconf 88' lang='lat' dir='ltr'>tum</span> <span class='ocrx_word' id='word_1_163' title='bbox 1630 2206 1734 2249; x_wconf 89' lang='lat' dir='ltr'>ani-</span> 
     </span>
     <span class='ocr_line' id='line_1_26' title="bbox 243 2278 1736 2344; baseline -0.002 -16"><span class='ocrx_word' id='word_1_164' title='bbox 243 2288 442 2328; x_wconf 87' lang='lat' dir='ltr'>mantes</span> <span class='ocrx_word' id='word_1_165' title='bbox 467 2284 714 2344; x_wconf 86' lang='lat' dir='ltr'>imagines</span> <span class='ocrx_word' id='word_1_166' title='bbox 735 2297 865 2344; x_wconf 89' lang='lat' dir='ltr'>quae</span> <span class='ocrx_word' id='word_1_167' title='bbox 886 2280 965 2327; x_wconf 94' lang='lat' dir='ltr'>vel</span> <span class='ocrx_word' id='word_1_168' title='bbox 987 2281 1226 2344; x_wconf 89' lang='lat' dir='ltr'>prodesse</span> <span class='ocrx_word' id='word_1_169' title='bbox 1252 2281 1395 2328; x_wconf 92' lang='lat' dir='ltr'>nobis</span> <span class='ocrx_word' id='word_1_170' title='bbox 1420 2278 1637 2327; x_wconf 82' lang='lat' dir='ltr'>soleant²</span> <span class='ocrx_word' id='word_1_171' title='bbox 1656 2278 1736 2326; x_wconf 93' lang='lat' dir='ltr'>vel</span> 
     </span>
    </p>
   </div>
   <div class='ocr_carea' id='block_1_5' title="bbox 269 2386 1707 2440">
    <p class='ocr_par' dir='ltr' id='par_1_7' title="bbox 269 2386 1707 2440">
     <span class='ocr_line' id='line_1_27' title="bbox 269 2386 1707 2440; baseline 0 -11"><span class='ocrx_word' id='word_1_172' title='bbox 269 2388 287 2415; x_wconf 83' lang='lat'>²</span> <span class='ocrx_word' id='word_1_173' title='bbox 315 2390 403 2429; x_wconf 86' lang='lat' dir='ltr'>sint</span> <span class='ocrx_word' id='word_1_174' title='bbox 424 2388 673 2440; x_wconf 77' lang='lat' dir='ltr'>Heindorf:</span> <span class='ocrx_word' id='word_1_175' title='bbox 707 2392 822 2429; x_wconf 89' lang='lat' dir='ltr'>sunt.</span> <span class='ocrx_word' id='word_1_176' title='bbox 1009 2389 1025 2413; x_wconf 86' lang='lat'><strong>²</strong></span> <span class='ocrx_word' id='word_1_177' title='bbox 1055 2387 1224 2428; x_wconf 88' lang='lat' dir='ltr'>soleant</span> <span class='ocrx_word' id='word_1_178' title='bbox 1245 2389 1346 2428; x_wconf 80' lang='lat' dir='ltr'>dett.</span> <span class='ocrx_word' id='word_1_179' title='bbox 1368 2404 1378 2428; x_wconf 75' lang='grc' dir='ltr'><strong>ε</strong></span> <span class='ocrx_word' id='word_1_180' title='bbox 1411 2386 1552 2428; x_wconf 87' lang='lat' dir='ltr'>solent</span> <span class='ocrx_word' id='word_1_181' title='bbox 1570 2387 1632 2436; x_wconf 87' lang='grc' dir='ltr'>Α,</span> <span class='ocrx_word' id='word_1_182' title='bbox 1651 2386 1707 2429; x_wconf 90' lang='grc' dir='ltr'>Β.</span> 
     </span>
    </p>
   </div>
   <div class='ocr_carea' id='block_1_6' title="bbox 477 2512 1510 2620">
    <p class='ocr_par' dir='ltr' id='par_1_8' title="bbox 477 2512 1510 2620">
     <span class='ocr_line' id='line_1_28' title="bbox 503 2512 1452 2554; baseline -0.001 0"><span class='ocrx_word' id='word_1_183' title='bbox 503 2519 521 2538; x_wconf 84' lang='lat'>‘²</span> <span class='ocrx_word' id='word_1_184' title='bbox 551 2513 645 2554; x_wconf 90' lang='lat' dir='ltr'>The</span> <span class='ocrx_word' id='word_1_185' title='bbox 665 2526 818 2554; x_wconf 88' lang='lat' dir='ltr'>source</span> <span class='ocrx_word' id='word_1_186' title='bbox 839 2514 890 2554; x_wconf 89' lang='lat' dir='ltr'>of</span> <span class='ocrx_word' id='word_1_187' title='bbox 903 2513 990 2554; x_wconf 82' lang='lat' dir='ltr'>this</span> <span class='ocrx_word' id='word_1_188' title='bbox 1011 2526 1133 2554; x_wconf 87' lang='lat' dir='ltr'>verse</span> <span class='ocrx_word' id='word_1_189' title='bbox 1153 2514 1188 2553; x_wconf 93' lang='lat' dir='ltr'>is</span> <span class='ocrx_word' id='word_1_190' title='bbox 1209 2512 1452 2554; x_wconf 88' lang='lat' dir='ltr'>unknown.</span> 
     </span>
     <span class='ocr_line' id='line_1_29' title="bbox 477 2566 1510 2620; baseline 0.001 -12"><span class='ocrx_word' id='word_1_191' title='bbox 477 2566 495 2592; x_wconf 71' lang='lat'><strong>⁹</strong></span> <span class='ocrx_word' id='word_1_192' title='bbox 526 2567 750 2620; x_wconf 84' lang='lat' dir='ltr'>Probably</span> <span class='ocrx_word' id='word_1_193' title='bbox 768 2569 885 2610; x_wconf 83' lang='lat' dir='ltr'>from</span> <span class='ocrx_word' id='word_1_194' title='bbox 905 2568 980 2609; x_wconf 80' lang='lat' dir='ltr'>the</span> <span class='ocrx_word' id='word_1_195' title='bbox 1000 2567 1257 2608; x_wconf 69' lang='lat' dir='ltr'>Philoctetes</span> <span class='ocrx_word' id='word_1_196' title='bbox 1277 2568 1329 2609; x_wconf 89' lang='lat' dir='ltr'>of</span> <span class='ocrx_word' id='word_1_197' title='bbox 1344 2568 1510 2609; x_wconf 81' lang='lat' dir='ltr'>Attius.</span> 
     </span>
    </p>
   </div>
   <div class='ocr_carea' id='block_1_7' title="bbox 254 2647 347 2688">
    <p class='ocr_par' dir='ltr' id='par_1_9' title="bbox 254 2647 347 2688">
     <span class='ocr_line' id='line_1_30' title="bbox 254 2647 347 2688; baseline 0 0"><span class='ocrx_word' id='word_1_198' title='bbox 254 2647 347 2688; x_wconf 83' lang='lat'>114</span> 
     </span>
    </p>
   </div>
  </div>
 </body>
</html>
