1853 3001
859 203 1109 251 CICERO

237 352 354 383 cum
380 351 555 382 omnes
583 333 726 381 stulti
754 336 856 380 sint
883 336 990 380 sine
1019 334 1172 380 dubio
1199 337 1483 392 miserrimi,
1508 340 1732 384 maxime

239 416 376 480 quod
391 414 535 463 stulti
550 422 668 461 sunt
679 414 928 477 (miserius
946 417 1081 460 enim
1096 414 1314 462 stultitia
1330 416 1453 479 quid
1465 433 1730 480 possumus

238 499 407 546 dicere
429 496 488 560 ?),
512 496 697 543 deinde
728 496 865 559 quod
894 499 969 542 ita
991 495 1154 543 multa
1183 503 1303 544 sunt
1331 499 1651 546 incommoda
1677 501 1731 545 in

239 582 345 627 vita
391 585 450 625 ut
498 594 560 624 ea
605 580 863 640 sapientes
911 578 1290 624 commodorum
1336 583 1732 643 conpensatione

241 660 451 715 leniant,
481 658 625 706 stulti
655 675 749 706 nec
779 662 940 706 vitare
971 662 1230 706 venientia
1257 663 1453 723 possint
1480 677 1575 708 nec
1603 660 1736 709 ferre

239 741 570 806 praesentia?
637 740 701 787 X.
739 740 839 799 Qui
874 757 993 787 vero
1028 741 1276 788 mundum
1310 745 1477 804 ipsum
1512 746 1737 789 animan-

240 832 349 871 tem
381 826 771 885 sapientemque
807 838 917 869 esse
952 822 1211 878 dixerunt,
1245 822 1382 870 nullo
1413 823 1565 871 modo
1598 824 1737 871 vide-

239 911 361 952 runt
405 906 560 950 animi
605 910 788 949 natura
832 902 1180 966 intellegentis
1224 907 1278 950 in
1323 921 1477 968 quam
1523 904 1736 969 figuram

242 986 425 1033 cadere
456 991 644 1048 posset.
718 984 799 1030 De
833 1001 932 1047 quo
965 984 1130 1031 dicam
1163 985 1402 1048 equidem
1425 985 1577 1049 paulo
1605 992 1739 1049 post,

165 1075 220 1115 24
243 1084 376 1115 nunc
402 1073 577 1113 autern
602 1064 849 1112 hactenus
873 1081 884 1112 ι
929 1065 1216 1112 admirabor
1242 1083 1416 1113 eorum
1440 1067 1741 1114 tarditatem

248 1151 335 1213 qui
370 1150 684 1194 animantem
717 1145 1040 1193 inmortalem
1076 1154 1130 1193 et
1165 1148 1386 1194 eundem
1419 1148 1632 1194 beatum
1664 1165 1742 1195 ro-

244 1230 464 1278 tundum
493 1244 603 1275 esse
632 1227 791 1274 velint
819 1228 956 1291 quod
985 1244 1046 1274 ea
1072 1226 1236 1275 forma
1263 1235 1422 1292 neget
1448 1228 1603 1275 ullam
1631 1244 1742 1275 esse

243 1309 581 1375 pulchriorem
607 1308 753 1356 Plato
776 1323 789 1364 ;
833 1316 888 1356 at
911 1308 1035 1355 mihi
1060 1307 1140 1356 vel
1164 1308 1376 1373 cylindri
1401 1308 1482 1356 vel
1506 1310 1742 1373 quadrati

245 1392 327 1440 vel
349 1394 461 1438 coni
485 1390 566 1437 vel
589 1391 865 1454 pyramidis
890 1390 1092 1437 videtur
1117 1406 1227 1437 esse
1251 1389 1527 1438 formosior.
1597 1390 1743 1449 Quae

245 1490 364 1520 vero
390 1476 495 1520 vita
519 1472 761 1519 tribuitur
785 1475 869 1518 isti
894 1472 1113 1518 rotundo
1145 1472 1243 1519 deo
1265 1471 1284 1518 ?
1353 1471 1552 1535 Nempe
1587 1479 1647 1519 ut
1683 1488 1744 1518 ea

245 1554 510 1602 celeritate
553 1560 951 1616 contorqueatur
992 1556 1072 1600 cuj
1114 1569 1206 1616 par
1246 1552 1385 1600 nulla
1425 1569 1491 1600 ne
1532 1555 1743 1617 cogitari

246 1636 454 1700 quidem
500 1637 694 1697 possit;
758 1637 811 1680 in
858 1650 960 1697 qua
1005 1651 1107 1680 non
1153 1634 1300 1681 video
1347 1635 1554 1681 ubinam
1599 1650 1744 1680 mens

245 1724 483 1765 constans
512 1722 567 1763 et
593 1719 699 1762 vita
726 1716 882 1762 beata
908 1718 1068 1777 possit
1093 1718 1343 1763 insistere.
1412 1714 1664 1778 Quodque
1691 1718 1744 1761 in

247 1805 420 1846 nostro
466 1813 674 1860 corpore
720 1799 761 1844 si
801 1799 1012 1843 minima
1051 1812 1115 1843 ex
1153 1803 1302 1859 parte
1345 1796 1371 1850 †
1413 1796 1744 1861 significetur¹

248 1878 520 1926 molestum
549 1881 632 1933 sit,
661 1895 749 1924 cur
776 1876 871 1924 hoc
899 1878 1036 1924 idem
1065 1894 1167 1924 non
1194 1876 1446 1924 habeatur
1473 1876 1745 1924 molestum

248 1964 301 2007 in
329 1961 426 2008 deo
449 1960 467 2006 ?
534 1959 691 2005 Terra
720 1962 855 2005 enim
883 1957 1131 2021 profecto,
1160 1961 1400 2022 quoniam
1427 1958 1604 2005 mundi
1630 1973 1745 2020 pars

252 2048 347 2097 est,
394 2057 509 2104 pars
559 2047 639 2087 est
687 2043 843 2086 etiam
892 2040 1010 2096 dei;
1076 2042 1219 2103 atqui
1267 2047 1436 2086 terrae
1482 2054 1746 2085 maxumas

250 2126 483 2187 regiones
514 2120 858 2168 inhabitabilis
892 2128 1048 2184 atque
1081 2120 1297 2168 incultas
1330 2120 1576 2176 videmus,
1610 2119 1745 2183 quod

251 2221 366 2268 pars
403 2220 578 2250 earum
615 2202 829 2265 adpulsu
865 2202 979 2249 solis
1017 2205 1281 2258 exarserit,
1315 2218 1430 2264 pars
1466 2202 1746 2265 obriguerit

252 2289 367 2333 nive
404 2288 687 2348 pruinaque
724 2283 1000 2348 longinquo
1037 2283 1153 2330 solis
1191 2284 1462 2339 abscessu3
1517 2298 1667 2346 quae,
1704 2284 1745 2329 si

252 2366 471 2414 mundus
507 2373 587 2413 est
621 2366 764 2421 deus,
800 2368 1040 2429 quoniam
1074 2365 1250 2412 mundi
1285 2370 1458 2427 partes
1492 2371 1629 2420 sunt,
1663 2363 1744 2411 dei

261 2560 299 2601 G
321 2506 431 2599 1ιῖἰο
450 2505 668 2545 afficiatur
688 2504 958 2547 Schb'mannz
991 2505 1179 2557 <frigore
1204 2507 1282 2544 aut
1305 2502 1408 2544 solis
1431 2504 1548 2556 igni>
1567 2506 1744 2544 uexetur

301 2573 345 2600 oe
418 2589 429 2601 .

267 2623 329 2672 26
