1919 3006
982 192 1235 240 CICERO

353 324 406 368 in
438 321 726 369 Melanthio
756 320 953 368 Rhodio
983 324 1264 368 suavitatis.
1333 320 1473 367 Bene
1504 327 1679 368 autem
1708 336 1855 368 nosse

279 412 329 452 {7
355 403 655 450 Carneaden
672 402 1019 449 Stratoniceus
1039 402 1364 449 Metrodorus
1381 402 1677 464 putabatur.
1747 401 1852 448 Iam

354 483 668 531 Clitomacho
694 483 837 530 Philo
861 490 1031 530 vester
1055 500 1262 546 operam
1285 483 1472 530 multos
1498 499 1654 530 annos
1678 483 1823 530 dedit
1845 497 1857 538 3

354 565 564 612 Philone
595 572 770 612 autem
797 568 909 611 vivo
937 568 1275 628 patrocinium
1304 565 1615 611 Academiae
1643 581 1745 611 non
1772 564 1858 611 de-

353 646 466 694 fuit.
536 646 638 694 Sed
659 647 796 710 quod
816 663 906 693 nos
927 645 1096 693 facere
1119 663 1252 693 nunc
1271 646 1585 710 ingredimur
1605 652 1665 693 ut
1685 652 1860 692 contra

356 729 686 775 Academicos
711 729 1034 783 disseramus,
1057 728 1110 775 id
1133 728 1341 791 quidam
1366 743 1394 774 e
1417 726 1726 790 philosophis
1751 733 1806 774 et
1827 728 1860 773 ii

356 811 563 873 quidem
593 827 694 856 non
721 810 1001 856 mediocres
1029 808 1323 856 faciundum
1353 812 1557 855 omnino
1584 825 1687 855 non
1713 815 1861 871 puta-

354 892 498 947 bant,
524 908 617 938 nec
642 908 760 937 vero
787 907 897 937 esse
923 890 1076 938 ullam
1101 894 1353 937 rationem
1378 890 1639 953 disputare
1663 906 1779 936 cum
1801 892 1860 936 iis

357 977 443 1036 qui
495 972 616 1019 nihil
667 973 960 1036 probarent,
1012 973 1448 1035 Antipatrumque
1498 970 1723 1018 Stoicum
1773 974 1858 1034 qui

356 1055 546 1101 multus
584 1058 637 1100 in
677 1070 736 1101 eo
774 1052 956 1100 fuisset
992 1053 1476 1116 reprehendebant3
1532 1069 1626 1100 nec
1663 1052 1860 1100 definiri

358 1137 565 1182 aiebant
585 1152 792 1182 necesse
816 1151 925 1182 esse
947 1135 1070 1198 quid
1091 1142 1227 1182 esset
1247 1138 1469 1199 cognitio
1491 1141 1581 1181 aut
1599 1137 1861 1198 perceptio

357 1225 447 1264 aut
469 1217 530 1280 (si
552 1218 763 1263 verbum
787 1233 814 1263 e
836 1217 990 1263 verbo
1012 1216 1261 1280 volumus)
1284 1215 1684 1279 comprehensio,
1706 1232 1860 1279 quam

357 1298 634 1361 κατάληψιν
670 1298 739 1344 illi
769 1304 969 1354 vocant,
1001 1313 1188 1361 eosque
1219 1300 1305 1361 qui
1333 1297 1641 1360 persuadere
1669 1297 1861 1344 vellent

358 1397 468 1427 esse
517 1379 707 1443 aliquid
755 1379 891 1443 quod
940 1378 1300 1441 comprehendi
1349 1385 1402 1426 et
1449 1381 1640 1442 percipi
1686 1385 1860 1442 posset

355 1465 628 1508 inscienter
650 1460 818 1508 facere
843 1461 1100 1517 dicebant,
1123 1468 1396 1523 propterea
1419 1460 1556 1524 quod
1577 1459 1701 1506 nihil
1725 1467 1860 1507 esset

355 1539 534 1586 clarius
572 1538 789 1602 ἐναργείᾳ
826 1541 905 1602 (ut
943 1538 1141 1594 Graeci,
1178 1541 1597 1601 perspicuitatem
1633 1544 1723 1585 aut
1760 1541 1859 1584 evi-

356 1621 585 1668 dentiam
609 1636 717 1676 nos,
741 1623 780 1666 si
805 1619 992 1683 placet,
1022 1623 1358 1675 nominemus,
1383 1618 1789 1683 fabricemurque
1818 1621 1859 1665 si

356 1719 480 1765 opus
503 1705 599 1749 erit
617 1702 789 1757 verba,
809 1718 874 1748 ne
899 1700 979 1747 hic
1003 1702 1097 1748 sibi
1117 1699 1295 1748 ’'-me
1315 1700 1608 1764 appellabat
1626 1704 1860 1748 iocans—-

356 1783 385 1799 “
408 1783 502 1830 hoc
526 1783 678 1830 licere
697 1789 849 1846 putet
868 1783 977 1846 soli)
999 1799 1009 1829 ε
1046 1783 1137 1829 sed
1161 1789 1337 1829 tamen
1362 1785 1645 1829 orationem
1669 1781 1858 1829 nullam

356 1866 611 1928 putabant
644 1864 985 1911 inlustriorem
1019 1867 1128 1926 ipsa
1163 1864 1420 1911 evidentia
1452 1866 1659 1926 reperiri
1693 1880 1859 1927 posse,

355 1963 449 1993 nec
482 1963 543 1993 ea
573 1962 705 2009 quae
736 1953 842 1992 tam
875 1945 1009 1992 clara
1040 1952 1211 1992 essent
1242 1945 1532 1992 definienda
1561 1945 1854 1992 censebant.

355 2028 455 2075 Alii
484 2035 658 2074 autem
686 2028 947 2091 negabant
974 2043 1028 2073 se
1055 2043 1145 2089 pro
1172 2025 1266 2073 hac
1296 2026 1552 2074 evidentia
1579 2027 1856 2090 quidquam

355 2113 544 2173 priores
577 2107 731 2155 fuisse
765 2109 1005 2164 dicturos,
1035 2108 1125 2155 sed
1155 2108 1219 2155 ad
1256 2123 1318 2155 ea
1346 2123 1479 2171 quae
1515 2114 1692 2155 contra
1725 2108 1857 2155 dice-

355 2198 532 2237 rentur
574 2191 671 2238 dici
714 2197 950 2252 oportere
993 2190 1264 2251 putabant,
1307 2205 1372 2235 ne
1414 2191 1501 2252 qui
1541 2187 1854 2236 fallerentur.

283 2281 334 2322 18
359 2271 593 2335 Plerique
615 2278 791 2318 tamen
814 2278 868 2318 et
888 2270 1208 2318 definitiones
1230 2273 1453 2332 ipsarum
1475 2273 1631 2316 etiam
1652 2271 1856 2317 eviden-

415 2402 434 2476 ζ
464 2396 835 2504 {egelhgdalnterm
855 2449 1069 2502 denoting
1088 2449 1238 2501 things
1257 2449 1355 2489 that
1373 2462 1447 2490 are
1465 2447 1744 2490 self-evident
1761 2448 1852 2491 and

358 2505 416 2545 do
445 2509 523 2545 not
548 2506 721 2557 require
748 2503 891 2557 proof‚
919 2503 1027 2544 used
1055 2516 1104 2543 as
1132 2516 1159 2543 a
1186 2501 1402 2544 technical
1430 2506 1541 2543 term
1570 2503 1632 2556 by
1660 2503 1778 2544 Zeno
1804 2507 1852 2545 to

358 2558 518 2599 denote
537 2559 613 2600 the
631 2559 958 2600 characteristic
979 2557 1028 2598 of
1045 2560 1329 2607 καταληπτικὴ
1348 2559 1567 2608 φαντασία.

364 2630 458 2671 488
