1853 3001
915 219 1166 266 CICERO

295 358 545 408 movetur,
584 352 779 397 animus
817 353 883 397 sit
920 365 1126 396 necesse
1165 356 1278 407 est3
1335 365 1399 396 ex
1436 366 1537 413 quo
1574 349 1787 397 efficitur

295 438 608 482 animantem
631 448 740 479 esse
763 432 1025 480 mundum.

363 515 579 579 “Atque
600 530 664 561 ex
682 512 776 560 hoc
796 530 997 577 quoque
1017 512 1245 578 intellegi
1263 515 1454 576 poterit
1466 515 1520 559 in
1545 529 1605 560 eo
1619 516 1784 559 inesse

295 597 719 660 intellegentiam,
747 595 884 658 quod
910 601 1049 641 certe
1079 601 1157 641 est
1183 595 1401 642 mundus
1428 593 1605 641 melior
1631 611 1785 659 quam

298 679 398 726 ulla
431 685 648 733 natura3
697 683 755 723 ut
789 679 924 723 enim
959 675 1097 722 nulla
1127 692 1243 739 pars
1275 683 1354 723 est
1382 679 1599 739 corporis
1629 678 1787 723 nostri

299 777 430 825 quae
467 776 568 806 non
601 761 805 805 minoris
842 761 907 805 sit
943 774 1096 821 quam
1131 765 1331 805 nosmet
1365 761 1459 821 ipsi
1494 774 1683 814 sumus,
1719 761 1788 804 sic

298 843 544 889 mundum
587 844 875 887 universum
916 839 1071 902 pluris
1115 855 1224 886 esse
1266 856 1471 886 necesse
1514 846 1593 887 est
1634 856 1787 903 quam

299 930 499 987 partem
537 921 759 985 aliquam
795 924 1049 977 um'versi3
1102 921 1239 984 quod
1273 924 1314 968 si
1348 924 1422 968 ita
1458 927 1553 978 est,
1589 924 1788 984 Sapiens

297 1008 364 1053 sit
395 1004 613 1051 mundus
646 1019 852 1050 necesse
888 1009 983 1058 est,
1016 1019 1134 1048 nam
1166 1005 1218 1048 ni
1249 1005 1323 1049 ita
1355 1009 1507 1059 esset,
1531 1001 1787 1049 hominem

297 1090 384 1151 qui
414 1091 567 1133 esset1
595 1085 771 1132 mundi
795 1101 926 1147 pars,
957 1087 1195 1147 quoniam
1218 1087 1425 1131 rationis
1457 1089 1610 1132 esset1
1633 1087 1789 1147 parti-

297 1184 433 1231 ceps,
457 1167 611 1230 pluris
638 1182 746 1213 esse
773 1182 925 1229 quam
950 1166 1196 1213 mundum
1221 1182 1424 1212 omnem
1448 1172 1722 1229 oporteret.

219 1257 273 1298 33
364 1248 390 1266 “
411 1250 584 1312 Atque
617 1251 771 1295 etiam
797 1250 837 1294 si
863 1264 892 1294 a
926 1250 1098 1310 primis
1133 1246 1481 1311 inchoatisque
1506 1251 1698 1294 naturis
1724 1247 1789 1295 ad

298 1331 500 1378 ultimas
532 1329 888 1393 perfectasque
913 1328 1140 1376 volumus
1164 1330 1456 1393 procedere,
1482 1330 1547 1376 ad
1578 1329 1788 1377 deorum

297 1421 532 1460 naturam
579 1414 932 1474 perveniamus
980 1426 1186 1458 necesse
1245 1417 1338 1458 est.
1424 1410 1611 1457 Prima²
1653 1415 1788 1458 enim

298 1494 745 1542 animadvertimus
768 1510 798 1539 a
819 1499 1002 1539 natura
1022 1495 1258 1539 sustineri
1280 1509 1341 1539 ea
1363 1508 1494 1556 quae
1513 1495 1789 1557 gignantur

298 1593 327 1623 e
353 1583 507 1631 terra,
536 1576 717 1638 quibus
745 1581 928 1621 natura
954 1573 1076 1620 nihil
1103 1575 1283 1621 tribuit
1310 1573 1522 1637 amplius
1550 1591 1703 1638 quam
1731 1581 1789 1621 ut

218 1665 274 1706 34
299 1674 360 1705 ea
396 1657 576 1704 alendo
615 1664 770 1720 atque
809 1656 1043 1719 augendo
1078 1662 1325 1703 tueretur.
1393 1655 1576 1703 Bestiis
1613 1663 1787 1703 autem

298 1756 501 1787 sensum
541 1746 595 1785 et
631 1745 829 1785 motum
868 1738 1012 1784 dedit
1051 1744 1104 1784 et
1141 1754 1256 1784 cum
1294 1738 1516 1801 quodam
1554 1738 1788 1801 adpetitu

296 1837 552 1868 accessum
594 1820 659 1867 ad
708 1835 787 1866 res
837 1818 1083 1866 salutares
1125 1835 1155 1866 a
1200 1818 1453 1882 pestiferis
1502 1833 1786 1875 recessum3

297 1902 390 1950 hoc
438 1901 629 1949 homini
679 1900 893 1963 amplius
943 1900 1079 1964 quod
1127 1901 1324 1948 addidit
1371 1903 1637 1957 rationem,
1687 1917 1787 1964 qua

297 1991 598 2048 regerentur
634 1986 786 2029 animi
824 1982 1100 2045 adpetitus,
1137 1985 1223 2046 qui
1257 1989 1369 2029 tum
1403 1985 1788 2029 remitterentur

295 2073 407 2113 tum
456 2068 855 2112 continerentur.
923 2063 1072 2111 XIII.
1108 2062 1330 2122 Quartus
1380 2071 1553 2110 autem
1600 2064 1786 2127 gradus

297 2154 376 2194 est
401 2154 454 2193 et
479 2146 747 2193 altissimus
773 2162 946 2192 eorum
971 2148 1057 2208 qui
1081 2152 1263 2192 natura
1284 2146 1404 2192 boni
1426 2148 1784 2208 sapientesque

294 2232 590 2293 gignuntur,
617 2228 798 2291 quibus
836 2244 866 2273 a
900 2229 1143 2289 principio
1179 2229 1455 2273 innascitur
1489 2229 1618 2273 ratio
1642 2233 1783 2273 recta

295 2317 650 2372 constansque,
709 2324 840 2372 quae
899 2325 1052 2370 supra
1107 2307 1363 2354 hominem
1419 2308 1648 2370 putanda
1705 2314 1784 2354 est

295 2392 493 2454 deoque
526 2391 814 2446 tribuenda,
839 2390 891 2436 id
917 2396 995 2436 est
1018 2389 1225 2445 mundo,
1255 2392 1307 2435 in
1338 2405 1437 2453 quo
1468 2405 1672 2436 necesse
1705 2395 1783 2436 est

295 2471 574 2535 perfectam
615 2471 750 2517 illam
793 2478 947 2534 atque
989 2469 1272 2517 absolutam
1312 2473 1476 2518 inesse
1515 2473 1781 2520 rationem.

426 2578 445 2606 ²
474 2584 539 2621 est
561 2580 661 2621 dett.
1108 2577 1128 2606 ⁸
1156 2580 1313 2632 primo,
1335 2581 1529 2632 primum
1550 2579 1654 2622 dett.

301 2649 394 2692 154
