1919 3006
899 183 1150 232 CICERO

279 332 410 381 quae
434 319 702 379 pinnatum
722 313 1023 377 Cupidinem
1048 317 1283 377 genuisse
1307 314 1520 370 dicitur3
1545 315 1765 362 secunda

279 401 460 454 notior,
495 413 647 460 quam
682 395 801 442 Iove
833 398 987 442 tertio
1022 402 1076 442 et
1110 394 1308 441 Latona
1352 402 1527 442 natam
1574 399 1767 459 accepi-

279 495 426 535 mus3
486 481 671 525 tertiae
714 483 862 540 pater
905 476 1032 540 Upis
1075 477 1294 523 traditur
1337 476 1526 524 Glauce
1567 484 1769 526 mater}

282 577 396 608 eam
427 575 579 624 saepe
614 559 794 606 Graeci
827 557 983 621 Upim
1014 565 1228 621 paterno
1259 561 1462 605 nomine
1494 558 1768 622 appellant.

281 643 532 706 Dionysos
548 640 733 688 multos
749 639 1013 687 habemus:
1031 643 1250 703 primum
1267 639 1387 687 Iove
1403 646 1458 687 et
1473 639 1771 704 Proserpina

280 731 476 779 natum,
515 723 793 770 secundum
841 721 972 778 Nilo,
1021 724 1107 785 qui
1149 721 1340 785 Nysam
1388 721 1572 769 dicitur
1615 725 1772 769 inter-

281 809 480 861 emisse,
504 807 715 851 tertium
752 802 933 850 Cabiro
969 809 1133 866 patre,
1159 819 1378 867 eumque
1413 819 1589 867 regem
1617 803 1771 851 Asiae

279 885 558 951 praefuisse
579 886 772 941 dicunt,
793 887 873 931 cui
893 883 1104 931 Sabazia
1124 891 1242 931 sunt
1260 887 1513 941 instituta,
1533 892 1770 948 quartum

281 969 400 1016 Iove
436 974 490 1015 et
524 966 687 1023 Luna,
721 969 800 1013 cui
841 982 982 1013 sacra
1029 965 1249 1029 Orphica
1287 973 1534 1029 putantur
1579 966 1771 1023 confici,

280 1054 515 1114 quintum
550 1048 670 1096 Niso
705 1055 883 1095 natum
919 1054 972 1095 et
1005 1047 1233 1111 Thyone,
1268 1064 1298 1094 a
1331 1064 1431 1111 quo
1463 1047 1770 1095 Trieterides

202 1143 257 1183 59
280 1135 588 1180 constitutae
629 1136 891 1193 putantur.
966 1129 1137 1176 Venus
1178 1132 1342 1192 prima
1382 1128 1534 1176 Caelo
1576 1136 1630 1177 et
1671 1129 1770 1176 Die

281 1221 421 1270 nata,
459 1216 598 1260 cuius
637 1211 784 1259 Elide
823 1210 1090 1259 delubrum
1127 1211 1359 1268 vidimus,
1397 1210 1558 1258 altera
1593 1227 1773 1274 spuma

280 1301 562 1361 procreata,
590 1310 653 1340 ex
680 1309 781 1357 qua
806 1299 860 1340 et
887 1292 1141 1339 Mercurio
1168 1292 1470 1355 Cupidinem
1495 1293 1772 1340 secundum

280 1385 460 1425 natum
489 1378 789 1438 accepimus,
822 1377 977 1422 tertia
1007 1373 1127 1421 Iove
1165 1381 1289 1421 nata
1326 1381 1380 1422 et
1417 1373 1602 1431 Diona,
1639 1389 1771 1438 quae

280 1461 453 1522 nupsit
485 1456 723 1513 Volcano,
757 1456 848 1504 sed
881 1472 944 1503 ex
979 1471 1041 1503 ea
1074 1462 1128 1503 et
1163 1455 1335 1503 Marte
1367 1461 1517 1503 natus
1550 1456 1771 1504 Anteros

279 1542 479 1596 dicitur,
490 1546 671 1604 quarta
687 1537 831 1603 Syria
841 1537 1110 1602 Cyproque
1126 1541 1409 1601 concepta,¹
1420 1553 1550 1602 quae
1561 1538 1770 1585 Astarte

280 1629 503 1677 vocatur,
529 1637 682 1684 quam
711 1620 933 1667 Adonidi
958 1622 1186 1682 nupsisse
1215 1619 1472 1682 proditum
1503 1625 1595 1666 est.
1673 1618 1770 1666 Mi-

280 1720 434 1752 nerva
457 1706 636 1766 prima,
662 1718 815 1765 quam
840 1700 1085 1763 Apollinis
1110 1707 1328 1747 matrem
1353 1717 1504 1763 supra
1534 1701 1770 1758 diximus,

280 1786 501 1834 secunda
544 1790 656 1831 orta
700 1782 831 1839 Nilo,
877 1799 1030 1845 quam
1074 1782 1320 1846 Aegyptii
1365 1780 1538 1829 Sai'tae
1582 1781 1771 1839 colunt,

280 1870 435 1914 tertia
471 1865 555 1912 illa
593 1881 746 1928 quam
785 1880 815 1910 a
853 1864 973 1910 Iove
1011 1870 1311 1927 generatam
1349 1879 1500 1926 supra
1537 1864 1772 1919 diximus,

282 1955 464 2013 quarta
492 1947 611 1994 Iove
638 1953 762 1993 nata
789 1953 842 1993 et
871 1944 1104 2009 Coryphe
1133 1945 1323 1992 Oceani
1352 1944 1468 2000 filia,
1497 1961 1649 2008 quam
1676 1946 1770 1991 Ar-

281 2031 430 2078 cades
461 2027 644 2090 Κορίαν
673 2030 937 2074 nominant
966 2034 1020 2074 et
1049 2027 1409 2090 quadrigarum
1437 2029 1768 2073 inventricem

281 2111 470 2167 ferunt,
504 2113 682 2173 quinta
715 2108 975 2165 Pallantis,
1009 2124 1140 2172 quae
1172 2115 1372 2171 patrem
1405 2107 1587 2155 dicitur
1618 2110 1773 2155 inter·

283 2196 462 2240 emisse
487 2194 830 2255 virginitatem
860 2206 1002 2237 suam
1026 2188 1211 2236 violare
1243 2196 1530 2245 conantem,
1553 2192 1633 2236 cui
1663 2192 1773 2251 pin-

205 2281 260 2322 60
281 2290 459 2321 narum
485 2272 664 2320 talaria
690 2272 935 2336 adfigunt.
997 2270 1192 2334 Cupido
1218 2274 1407 2333 primus
1438 2269 1690 2317 Mercurio
1718 2276 1772 2318 et

565 2394 576 2418 ¹
609 2408 636 2434 a
657 2393 788 2446 Syria
808 2392 1046 2446 Cyproque
1066 2396 1248 2444 accepta
1265 2392 1285 2432 Ρ
1301 2391 1473 2444 fllayor.

346 2506 366 2526 ⁰
395 2500 591 2552 Perhaps
629 2499 704 2540 the
747 2499 878 2540 Latin
926 2498 1085 2540 should
1134 2498 1187 2540 be
1226 2497 1393 2539 altered
1440 2501 1487 2539 to
1532 2499 1633 2551 give
1682 2497 1772 2538 ‘we

293 2553 502 2596 obtained
523 2555 637 2595 from
658 2553 789 2607 Syria
807 2552 896 2594 and
919 2552 1122 2606 Cyprus.'

291 2625 387 2669 342
