1919 3006
930 182 1181 232 CICERO

308 315 610 375 sapientem,
642 309 764 357 nihil
797 312 862 358 ad
892 310 1022 358 hanc
1054 313 1446 358 controversiam
1477 312 1805 376 pertinebat3

308 379 494 426 licebat
523 382 658 426 enim
686 378 809 424 nihil
835 382 1096 441 percipere
1126 385 1180 425 et
1207 385 1384 426 tamen
1411 380 1806 444 opinari—quod

309 463 339 493 a
374 446 636 494 Carneade
674 446 857 493 dicitur
891 447 1181 509 probatum,
1219 447 1457 510 equidem
1493 446 1805 494 Clitomacho

307 513 419 578 plus
444 531 597 577 quam
623 512 819 559 Philoni
848 520 937 560 aut
966 513 1263 560 Metrodoro
1290 514 1500 561 credens
1526 513 1622 561 hoc
1644 517 1805 578 magis

310 582 373 628 ab
391 597 450 628 eo
467 582 785 644 disputatum
805 597 959 643 quam
977 581 1249 643 probatum
1267 588 1408 643 puto.
1478 580 1580 628 Sed
1593 582 1646 628 id
1661 585 1808 628 omit-

308 656 491 696 tamus.
554 647 686 695 Illud
704 654 844 694 certe
864 651 1156 710 opinatione
1183 655 1236 695 et
1260 651 1589 711 perceptione
1610 648 1811 695 sublata

309 719 555 778 sequitur,
581 718 807 762 omnium
832 715 1188 762 adsensionum
1211 719 1452 771 retentio,
1477 723 1553 771 ut,
1578 718 1619 762 si
1643 723 1812 763 osten-

309 783 430 830 dero
464 781 588 828 nihil
619 796 766 844 posse
799 785 1008 846 percipi,
1041 790 1100 830 tu
1132 783 1380 830 concedas
1412 799 1693 846 numquam
1726 783 1812 830 ad-

310 867 575 897 sensurum
601 856 750 896 esse.l

233 926 286 966 79
373 916 531 963 XXV.
570 915 597 932 “
624 916 760 974 Quid
795 931 916 979 ergo
953 922 1032 962 est
1066 915 1203 978 quod
1235 918 1427 979 percipi
1460 918 1636 978 possit,
1671 918 1712 963 si
1745 931 1812 963 ne

310 1000 486 1031 sensus
528 983 734 1046 quidem
774 999 894 1029 vera
933 983 1214 1029 nuntiant?
1288 982 1426 1041 Quos
1466 990 1542 1039 tu,
1584 981 1812 1040 Luculle,

310 1054 564 1098 communi
591 1050 699 1098 loco
729 1049 960 1097 defendis
984 1065 995 1105 3
1043 1050 1180 1113 quod
1211 1066 1276 1097 ne
1303 1053 1397 1097 ita²
1425 1048 1593 1097 facere
1620 1066 1811 1113 posses,

310 1119 493 1166 idcirco
530 1117 639 1165 heri
676 1134 778 1165 non
813 1120 1095 1164 necessario
1132 1116 1241 1164 loco
1278 1124 1455 1165 contra
1491 1133 1666 1165 sensus
1703 1124 1812 1164 tam

309 1185 473 1232 multa
507 1186 750 1233 dixeram.
819 1185 897 1232 Tu
933 1192 1107 1232 autem
1141 1192 1196 1232 te
1231 1201 1389 1249 negas
1421 1183 1637 1231 infracto
1671 1200 1811 1232 remo

310 1269 479 1316 neque
526 1252 790 1300 columbae
837 1251 963 1299 collo
1010 1255 1329 1299 commoveri.
1411 1251 1636 1298 Primum
1682 1252 1811 1299 cur?

310 1337 430 1367 nam
458 1327 512 1367 et
537 1323 589 1366 in
615 1336 755 1367 remo
783 1323 947 1366 sentio
975 1335 1076 1366 non
1104 1335 1213 1366 esse
1239 1319 1292 1366 id
1318 1319 1455 1383 quod
1480 1319 1730 1376 videatur,
1759 1325 1813 1366 et

310 1391 364 1434 in
399 1387 632 1434 columba
665 1387 820 1449 pluris
856 1387 1013 1433 videri
1048 1385 1237 1434 colores
1273 1402 1368 1434 nec
1403 1402 1513 1433 esse
1547 1386 1659 1449 plus
1694 1403 1809 1433 uno.

313 1455 515 1502 Deinde
553 1453 742 1501 nihilne
779 1461 1050 1516 praeterea
1090 1454 1349 1501 diximus?
1421 1453 1691 1500 Maneant³
1727 1452 1812 1500 illa

312 1525 498 1578 omnia,
533 1525 685 1568 iacet4
719 1525 819 1568 ista
854 1538 1019 1568 causa.
1088 1521 1306 1568 Veraces
1341 1537 1456 1568 suos
1492 1536 1602 1568 esse
1636 1536 1811 1567 sensus

312 1589 450 1636 dicit.
529 1589 692 1653 Igitur
735 1605 936 1650 semper
973 1595 1234 1635 auctorem
1269 1586 1445 1644 habes,
1483 1594 1538 1635 et
1573 1603 1690 1634 eum
1726 1590 1812 1650 qui

312 1672 497 1719 magno
544 1673 633 1703 suo
680 1655 902 1718 periculo
948 1672 1152 1702 causam
1199 1655 1352 1718 agat!
1413 1671 1474 1702 eo
1522 1658 1658 1702 enim
1701 1670 1810 1701 rem

312 1724 541 1770 demittit
566 1724 830 1786 Epicurus,
857 1726 897 1770 si
924 1739 1052 1769 unus
1079 1739 1253 1769 sensus
1280 1721 1439 1769 semel
1463 1724 1516 1768 in
1541 1725 1647 1769 vita
1670 1737 1811 1768 men-

234 1800 288 1838 80
311 1794 437 1837 titus
475 1794 558 1846 sit,
595 1790 718 1837 nulli
757 1807 999 1853 umquam
1037 1805 1148 1837 6556
1186 1790 1510 1837 credendum.
1583 1788 1695 1835 Hoc
1733 1795 1812 1836 est

312 1874 487 1904 verum
524 1874 651 1913 esse,
682 1858 934 1904 confidere
972 1860 1071 1904 suis
1108 1858 1325 1904 testibus
1362 1864 1416 1904 et
1449 1859 1503 1902 in
1536 1859 1809 1918 pravitate⁵

311 1925 567 1972 insistere!
618 1925 802 1988 Itaque
817 1925 1110 1988 Timagoras
1126 1924 1404 1987 Epicureus
1420 1930 1579 1987 negat
1593 1924 1687 1970 sibi
1703 1938 1811 1968 um-

313 2009 482 2056 quam,
509 2009 624 2039 cum
660 1992 861 2039 oculum
896 1995 1142 2048 torsisset,
1172 1992 1297 2039 duas
1335 2008 1398 2038 ex
1433 1990 1640 2038 lucerna
1669 1989 1810 2037 flam-

736 2109 753 2134 ²
782 2122 903 2150 esse:
935 2110 993 2150 sit
1011 2121 1188 2149 necesse
1206 2107 1368 2150 ?Reid.

776 2163 792 2188 ²
821 2165 884 2204 ita
908 2163 1104 2203 Bsilller:
1137 2162 1182 2202 id
1203 2163 1326 2203 codd.

885 2217 902 2242 ⁸
932 2220 1115 2257 manent
1131 2216 1261 2256 Reid.

663 2272 682 2296 ⁴
708 2272 823 2311 iacet
841 2269 984 2311 Reid:
1016 2270 1193 2317 lacerat,
1213 2273 1355 2310 iaceat
1372 2269 1496 2310 codd.

486 2325 504 2351 ⁸
533 2327 576 2367 in
599 2327 817 2378 pravitate
835 2324 952 2365 Reid
970 2342 979 2365 :
1012 2327 1250 2376 inportata,
1270 2326 1504 2376 inportane
1522 2322 1646 2365 codd.

372 2436 390 2455 ‘¹
418 2435 460 2478 ἐξ
485 2433 533 2472 19
557 2430 603 2471 ff.
1241 2428 1258 2453 ¹³
1289 2427 1372 2470 See
1392 2432 1412 2476 ἕ
1436 2430 1502 2470 19.

376 2489 392 2509 ⁶
420 2484 514 2525 The
532 2484 652 2525 third
672 2496 845 2537 person,
868 2482 976 2524 used
997 2483 1049 2523 of
1061 2482 1137 2524 the
1155 2495 1316 2535 person
1331 2481 1585 2528 addressed,
1601 2483 1638 2522 is
1657 2480 1804 2522 rather

315 2542 671 2591 contemptuous.

318 2602 413 2649 566
