1853 3001
899 206 1150 254 CICERO

279 340 457 388 caloris
488 355 651 402 eaque
681 337 850 385 hieme
880 340 964 385 sit1
996 337 1197 384 densior
1226 336 1290 382 ob
1322 349 1538 398 eamque
1568 349 1770 380 causam

280 413 498 460 calorem
547 413 755 457 insitum
809 411 862 455 in
916 410 1064 455 terris
1120 409 1399 454 contineat²
1450 408 1622 452 artius.
1705 403 1771 451 X.

203 493 257 532 26
282 484 460 548 Longa
496 489 575 530 est
609 483 770 528 oratio
804 478 1100 542 multaeque
1135 482 1356 525 rationes
1392 478 1573 541 quibus
1605 476 1773 524 doceri

280 560 439 620 possit
474 557 643 602 omnia
678 567 809 616 quae
845 558 983 598 terra
1018 554 1269 613 concipiat
1304 553 1498 597 semina
1538 563 1773 613 quaeque

280 633 391 691 ipsa
438 643 502 674 ex
550 642 604 673 se
645 630 893 690 generata
934 623 1173 686 stirpibus
1213 622 1370 669 infixa
1410 625 1671 670 contineat
1713 635 1775 667 ea

280 701 655 763 temperatione
693 696 868 744 caloris
907 702 961 742 et
997 698 1112 742 oriri
1151 703 1205 743 et
1241 711 1530 759 augescere.
1598 695 1774 758 Atque

282 788 445 836 aquae
485 773 642 817 etiam
681 769 966 816 admixtum
1006 783 1116 814 esse
1154 767 1372 815 calorem
1409 770 1629 831 primum
1667 770 1775 830 ipse

282 843 445 907 liquor
492 858 655 905 aquae
702 840 928 888 declarat
975 838 1230 905 [effusio]‚³
1279 855 1410 903 quae
1452 855 1619 903 neque
1661 856 1777 886 con-

279 915 523 980 glaciaret
538 912 805 976 frigoribus
821 927 988 974 neque
1004 914 1118 957 nive
1134 914 1415 974 pruinaque
1431 916 1778 958 concresceret

281 989 374 1033 nisi
412 986 592 1032 eadem
627 1000 682 1031 se
718 984 945 1030 admixto
981 981 1145 1029 calore
1181 981 1457 1045 liquefacta
1493 988 1546 1028 et
1582 981 1778 1044 dilapsa

281 1057 623 1112 diffunderet3
672 1058 849 1118 itaque
886 1060 940 1100 et
977 1054 1314 1117 aquilonibus⁴
1349 1053 1656 1116 reliquisque
1693 1052 1779 1099 fri-

280 1129 484 1194 goribus
502 1128 730 1174 adiectis⁵
748 1127 970 1172 durescit
986 1142 1129 1172 umor
1152 1131 1205 1171 et
1225 1125 1362 1171 idem
1385 1127 1598 1172 vicissim
1619 1123 1780 1171 molli-

280 1208 364 1247 tur
382 1197 669 1261 tepefactus
691 1204 744 1244 et
763 1197 981 1243 tabescit
1000 1196 1179 1243 calore.
1242 1197 1416 1259 Atque
1439 1199 1594 1242 etiam
1616 1198 1777 1242 maria

282 1275 479 1336 agitata
507 1272 671 1316 ventis
699 1272 774 1315 ita
801 1274 1073 1331 tepescunt
1101 1275 1160 1314 ut
1187 1267 1416 1331 intellegi
1444 1267 1590 1314 facile
1619 1269 1780 1330 possit

280 1347 331 1391 in
364 1345 520 1390 tantis
552 1341 646 1388 illis
679 1342 935 1387 umoribus
973 1356 1082 1386 esse
1117 1339 1364 1386 inclusum
1395 1339 1643 1395 calorem3
1685 1354 1780 1385 nec

283 1418 418 1462 enim
441 1413 526 1460 ille
553 1420 794 1459 externus
821 1419 874 1459 et
900 1413 1212 1459 adventicius
1237 1410 1501 1458 habendus
1527 1417 1607 1458 est
1630 1417 1780 1473 tepor

283 1487 373 1534 sed
410 1501 473 1531 ex
509 1487 699 1530 intimis
735 1487 886 1531 maris
922 1484 1150 1546 partibus
1189 1485 1469 1547 agitatione
1507 1485 1776 1539 excitatus,

283 1557 421 1620 quod
448 1559 630 1603 nostris
661 1572 863 1618 quoque
893 1555 1182 1617 corporibus
1211 1557 1463 1618 contingit
1490 1569 1605 1599 cum
1633 1560 1777 1600 motu

285 1636 440 1692 atque
471 1630 836 1674 exercitatione
865 1626 1194 1674 recalescunt.
1264 1626 1380 1689 Ipse
1410 1641 1528 1673 vero
1559 1641 1661 1682 aer,
1691 1627 1777 1688 qui

285 1707 468 1747 natura
495 1706 573 1746 est
598 1702 819 1745 maxime
846 1697 1075 1762 frigidus,
1101 1700 1308 1744 minime
1336 1703 1415 1744 est
1441 1713 1621 1760 expers
1648 1696 1779 1743 calo-

207 1780 259 1819 27
284 1775 348 1818 ris
372 1786 384 1827 3
429 1770 512 1817 ille
540 1787 657 1816 vero
686 1777 740 1816 et
765 1769 926 1816 multo
964 1769 1169 1832 quidem
1205 1768 1369 1815 calore
1399 1769 1654 1816 admixtus
1683 1774 1778 1823 est,

284 1846 392 1905 ipse
431 1844 564 1888 enirn
613 1844 771 1888 oritur
819 1857 881 1887 ex
924 1844 1254 1903 respiratione
1299 1857 1560 1903 aquarum,
1606 1856 1779 1887 earum

286 1916 421 1960 enirn
446 1915 587 1975 quasi
612 1929 766 1975 vapor
791 1913 995 1976 quidam
1022 1928 1108 1958 aer
1131 1910 1394 1959 habendus
1420 1918 1515 1966 est,
1538 1914 1579 1958 is
1605 1919 1779 1959 autem

286 1986 460 2030 existit
491 1990 635 2030 motu
668 1986 774 2029 eius
807 1983 981 2030 caloris
1007 1986 1092 2046 qui
1123 1986 1264 2046 aquis
1294 1986 1599 2038 continetur,
1625 1999 1778 2046 quam

286 2054 669 2101 similitudinem
707 2070 915 2100 cernere
953 2071 1217 2116 possumus
1255 2057 1308 2100 in
1345 2057 1403 2101 iis
1443 2057 1605 2117 aquis⁸
1645 2071 1777 2118 quae

286 2123 619 2171 effervescunt
635 2123 847 2171 subditis
863 2125 1078 2188 ignibus.
1129 2124 1239 2171 Iam
1254 2140 1371 2171 vero
1387 2124 1580 2188 reliqua
1596 2132 1778 2188 quarta

285 2212 400 2258 pars
436 2196 644 2242 mundi:
688 2211 750 2242 ea
785 2201 839 2241 et
873 2198 983 2258 ipsa
1017 2201 1128 2242 tota
1163 2202 1346 2242 natura
1381 2194 1574 2242 fervida
1609 2202 1688 2242 est
1725 2202 1778 2244 et

347 2346 364 2370 ¹
395 2345 441 2385 fit
464 2347 566 2386 dett.
1048 2345 1064 2370 ²
1094 2347 1287 2385 continet
1310 2344 1543 2398 Heindorf.

348 2399 365 2424 ⁸
396 2400 550 2439 effusio
572 2413 652 2439 om.
676 2399 759 2439 det.
780 2415 790 2440 ε
825 2399 989 2439 effusae
1010 2399 1063 2445 B,
1086 2403 1127 2438 et
1148 2398 1262 2438 fusio
1287 2398 1458 2439 Gruter.

349 2454 364 2477 ⁴¹
396 2453 628 2505 aquiloniis
650 2454 669 2492 ?
689 2453 753 2492 ed.
1100 2453 1116 2476 ⁵
1147 2451 1379 2493 adstrictus
1402 2451 1634 2506 Heindorf.

349 2508 363 2530 ⁶
396 2509 446 2546 iis
467 2508 593 2558 aquis
620 2507 684 2546 ed.
704 2506 828 2546 Rom.
850 2523 860 2546 z
897 2506 962 2545 his
989 2507 1116 2558 aquis
1137 2517 1254 2553 uss„
1276 2507 1421 2547 aeneis
1441 2507 1578 2548 Allan
1597 2507 1775 2556 (aeneis,

293 2564 415 2600 aenis
436 2566 533 2611 post
555 2573 670 2613 quae
691 2561 862 2601 addunt
884 2560 1021 2610 (Μὰ).

300 2631 390 2673 148
