1853 3001
868 225 1120 274 CICERO

248 364 424 406 sentur
443 359 596 404 animi
619 373 630 404 ε
667 359 860 420 species
885 357 1156 405 dumtaxat
1181 356 1398 404 obicitur
1425 357 1738 421 quaedam—-

250 450 373 480 num
398 436 553 480 etiam
578 449 665 480 cur
689 448 750 479 ea
772 433 929 479 beata
951 435 1016 479 sit
1039 449 1127 479 cur
1150 439 1361 479 aeterna
1381 432 1401 479 ?

315 506 509 566 “Quae
546 514 720 555 autem
755 510 884 554 istae
921 510 1168 571 imagines
1205 514 1403 554 vestrae
1439 513 1529 554 aut
1563 505 1741 554 unde?

249 582 296 630 A
346 582 640 629 Democrito
688 585 891 629 omnino
939 581 1064 628 haec
1112 581 1351 637 licentia3
1418 581 1509 629 sed
1557 588 1612 628 et
1659 580 1742 628 ille

249 656 584 720 reprehensus
618 673 649 703 a
680 656 852 703 multis
887 663 982 713 est,
1016 673 1110 703 nec
1143 673 1228 704 vos
1264 659 1459 703 exitum
1491 659 1744 719 reperitis,

249 738 464 795 totaque
510 748 590 779 res
636 731 837 779 vacillat
884 738 938 778 et
983 731 1248 779 claudicat.
1318 731 1449 778 Nam
1496 732 1618 795 quid
1664 738 1744 778 est

250 808 388 871 quod
429 810 595 854 minus
638 807 840 870 probari
882 810 1058 870 possit,
1102 823 1255 870 quam
1298 809 1522 854 omnino1
1565 810 1618 852 in
1660 822 1744 853 me

250 882 473 929 incidere
554 885 801 946 imagines
885 881 1095 928 Homeri
1177 880 1462 928 Archilochi
1544 880 1743 928 Romuli

251 955 451 1003 Numae
476 955 799 1021 Pythagorae
825 955 1305 1003 Platonis—nedum
1337 961 1418 1003 ea²
1454 955 1616 1003 forma
1643 971 1744 1020 qua

249 1030 338 1078 illi³
385 1029 633 1079 fuerunt?
722 1030 836 1090 Quo
881 1031 1032 1078 modo
1079 1030 1214 1077 illae-⁴
1262 1047 1383 1095 ergo
1431 1037 1485 1078 et
1531 1047 1744 1094 quorum

250 1106 552 1170 imagines⁵?
607 1104 870 1169 Orpheum
888 1112 1095 1169 poetam
1115 1106 1265 1153 docet
1280 1104 1581 1153 Aristoteles
1599 1122 1744 1152 num·

251 1197 405 1245 quam
443 1179 615 1237 fuisse,
656 1188 709 1228 et
745 1180 839 1228 hoc
878 1180 1155 1244 Orphicum
1191 1197 1395 1228 carmen
1433 1179 1743 1245 Pythagorei

250 1253 423 1302 ferunt
451 1255 710 1303 cuiusdam
733 1253 887 1302 fuisse
917 1254 1150 1318 Cercopis
1174 1269 1185 1311 ;
1227 1261 1281 1302 at
1310 1253 1561 1318 Orpheus,
1582 1255 1635 1303 id
1664 1261 1744 1303 est

250 1332 419 1394 imago
458 1333 564 1377 eius
603 1337 662 1377 ut
700 1346 785 1377 vos
824 1329 991 1386 vultis,
1028 1333 1080 1376 in
1119 1332 1343 1376 animum
1379 1346 1552 1377 meum
1589 1345 1744 1393 saepe

151 1410 231 1451 108
255 1407 477 1452 incurrit.
546 1404 682 1464 Quid
738 1405 874 1468 quod
926 1405 1154 1452 eiusdem
1205 1403 1419 1452 hominis
1468 1407 1522 1452 in
1572 1421 1743 1452 meum

253 1479 399 1536 aliae,
428 1479 555 1527 aliae
583 1483 635 1527 in
662 1487 809 1527 tuum
833 1480 850 1527 ?
898 1481 1021 1543 quid
1049 1480 1185 1543 quod
1213 1496 1387 1527 earum
1415 1496 1583 1527 rerum
1612 1496 1743 1544 quae

252 1572 531 1618 numquam
573 1558 777 1602 omnino
820 1554 1028 1602 fuerunt
1075 1571 1242 1618 neque
1291 1571 1401 1602 esse
1448 1562 1743 1618 potuerunt,

253 1637 313 1677 ut
360 1629 574 1694 Scyllae,
621 1637 680 1677 ut
727 1629 1066 1677 Chimaerae?
1133 1630 1255 1693 quid
1302 1630 1438 1693 quod
1483 1629 1743 1677 hominum

253 1703 475 1752 locorum
522 1706 722 1752 urbium
771 1721 945 1752 earum
992 1721 1116 1768 quas
1164 1721 1441 1768 numquam
1488 1705 1744 1752 vidimus?

254 1780 375 1842 quid
410 1780 545 1843 quod
577 1779 725 1827 simul
758 1797 815 1827 ac
847 1778 970 1826 mihi
1003 1779 1283 1826 collibitum
1317 1786 1396 1827 est
1427 1787 1631 1843 praesto
1666 1788 1745 1828 est

248 1856 449 1918 imago?
485 1856 608 1919 quid
641 1856 777 1919 quod
810 1858 965 1902 etiam
991 1855 1055 1902 ad
1080 1855 1416 1902 dormientem
1440 1858 1650 1903 veniunt
1673 1859 1746 1902 in-

254 1929 496 1976 vocatae?
549 1929 678 1976 Tota
697 1945 794 1985 res,
813 1928 993 1986 Vellei,
1012 1932 1279 1993 nugatoria
1299 1935 1391 1976 est.
1440 1927 1540 1976 Vos
1572 1936 1745 1977 autem

254 2019 355 2050 non
376 2004 527 2051 modo
550 2004 702 2051 oculis
725 2007 970 2068 imagines
987 2004 1077 2050 sed
1094 2006 1250 2050 etiam
1269 2005 1447 2050 animis
1467 2003 1745 2052 inculcatis:

150 2083 229 2123 109
255 2083 402 2124 tanta
440 2085 518 2125 est
554 2081 811 2141 inpunitas
858 2079 1128 2142 garriendi.
1195 2077 1435 2125 XXXIX.
1478 2078 1552 2125 At
1592 2095 1745 2142 quam

252 2150 496 2199 licenter!
579 2152 867 2200 Fluentium
905 2151 1201 2216 frequenter
1235 2154 1467 2199 transitio
1509 2152 1567 2199 fit
1602 2155 1746 2200 visio-

252 2243 391 2283 num,
403 2234 461 2274 ut
477 2243 504 2274 e
521 2227 692 2274 multis
708 2245 809 2274 una
824 2228 1070 2275 videatur.
1131 2226 1355 2274 Puderet
1368 2243 1451 2274 me
1466 2227 1633 2274 dicere
1646 2244 1744 2275 non

312 2323 328 2348 ¹
359 2336 494 2376 quam
532 2326 712 2387 omnino
754 2324 898 2365 Reid:
921 2337 1079 2387 ‘quam
1110 2323 1339 2365 hominum
1387 2323 1506 2372 dett„
1544 2326 1742 2365 omnium

256 2377 839 2472 A’2Bnedquurssneaogc1iluzurrxie?
843 2391 1054 2478 (ἒιὲἱῖἕέῗ,
1063 2378 1230 2472 ?nee‹(1:.ex
1251 2442 1378 2472 ussa
1409 2430 1572 2472 nedum
1594 2431 1723 2474 Reid.

313 2485 329 2510 ⁸
359 2487 441 2537 ipsi
462 2487 482 2526 ?
503 2487 567 2526 ed.
671 2487 688 2510 ⁴
717 2485 815 2526 illac
839 2485 979 2526 Reid:
1013 2485 1086 2526 illi.
1191 2484 1208 2509 ⁶
1238 2487 1455 2538 imagines
1473 2485 1570 2526 secl.
1592 2485 1740 2528 Earle.

754 2586 773 2605 ⁰
802 2580 885 2622 See
906 2584 1006 2620 note
1027 2593 1083 2619 on
1105 2581 1131 2620 i.
1152 2582 1223 2621 33.

262 2650 352 2691 104
