1919 3006
954 152 1207 203 CICERO

330 280 383 328 in
434 289 634 329 veteres
688 283 1020 329 Academicos
1074 282 1545 346 Peripateticosque
1598 282 1830 331 dicenda.

331 356 427 403 Hic
463 360 618 420 igitur
658 361 827 404 neutri
865 358 1223 404 adsentietur?
1294 357 1398 413 Sin,
1433 361 1679 421 inquam,1
1716 365 1833 405 uter

228 438 305 479 133
331 437 410 476 est
425 431 723 493 prudentior
741 432 759 477 Ρ
833 431 969 490 Quid
987 433 1005 478 ?
1033 449 1148 478 cum
1166 435 1274 494 ipse
1294 431 1576 479 Antiochus
1595 432 1832 479 dissentit

330 506 633 568 quibusdam
659 509 713 552 in
739 507 890 553 rebus
920 507 983 553 ab
1011 505 1087 553 his
1117 523 1241 570 quos
1271 514 1410 553 amat
1437 506 1634 563 Stoicis,
1661 522 1831 554 nonne

328 580 519 627 indicat
537 597 639 627 non
657 597 805 643 posse
825 580 910 627 illa
928 581 1192 644 probanda
1212 597 1321 628 esse
1342 583 1560 644 sapienti
1583 582 1602 628 ?
1655 580 1832 628 Placet

329 654 508 702 Stoicis
547 659 717 702 omnia
753 663 967 719 peccata
1006 673 1115 703 esse
1153 659 1313 719 paria,
1353 663 1407 703 at
1443 655 1538 704 hoc
1577 656 1831 703 Antiocho

330 729 775 778 vehementissime
810 730 1078 794 displicet3
1129 730 1282 777 liceat
1315 731 1527 778 tandem
1559 730 1682 777 mihi
1716 747 1831 777 con-

329 805 551 852 siderare
614 812 783 852 utram
846 808 1158 853 sententiam
1221 822 1418 869 sequar.
1516 805 1527 822 ‘
1552 803 1833 861 Praecide,’

327 881 511 942 inquit,
527 879 537 895 ‘
558 886 729 926 statue
748 879 1018 943 aliquando
1036 879 1310 943 quidlibet!
1326 880 1337 901 '
1393 879 1530 938 Quid
1545 880 1683 943 quod
1698 895 1830 943 quae

328 953 585 1001 dicuntur2
609 961 663 1001 et
686 961 837 1001 acuta
856 953 979 1000 mihi
1004 954 1242 1001 videntur
1262 957 1314 1000 in
1336 961 1607 1017 utramque
1628 961 1827 1018 partem

328 1036 384 1076 et
417 1030 600 1091 paria?
650 1046 819 1076 nonne
856 1046 1064 1076 caveam
1099 1045 1165 1076 ne
1201 1028 1362 1076 scelus
1393 1028 1619 1076 faciam?
1668 1028 1829 1076 scelus

329 1106 465 1149 enim
503 1104 707 1150 dicebas
748 1119 876 1159 esse,
917 1102 1144 1159 Luculle,
1183 1103 1371 1167 dogma
1407 1103 1659 1166 prodere3
1715 1119 1831 1150 con-

327 1181 466 1224 tineo
502 1181 658 1242 igitur
692 1194 777 1224 me
813 1194 878 1224 ne
914 1181 1173 1242 incognito
1211 1178 1673 1241 adsentiar—quod
1706 1177 1829 1224 mihi

222 1261 302 1301 134
327 1259 498 1298 tecum
547 1259 627 1298 est
675 1252 863 1316 dogma
911 1268 1196 1298 commune.
1280 1252 1413 1298 Ecce
1461 1251 1624 1299 multo
1671 1255 1831 1298 maior

327 1330 484 1374 etiam
505 1327 748 1374 dissensio
772 1344 783 1374 :
823 1327 959 1374 Zeno
979 1330 1032 1373 in
1051 1343 1154 1374 una
1172 1330 1362 1374 virtute
1383 1330 1602 1390 positam
1620 1327 1829 1374 beatam

327 1405 484 1449 vitam
530 1409 717 1465 putat;
782 1402 905 1466 quid
950 1401 1266 1449 Antiochus.
1256 1403 1275 1436 Ρ
1356 1401 1598 1458 ‘Etiam,'
1644 1405 1831 1465 inquit,

325 1476 337 1494 ⁸
360 1478 569 1524 beatam
599 1477 690 1524 sed
720 1494 822 1524 non
851 1478 1213 1524 beatissimam.
1223 1476 1233 1492 ’
1299 1477 1442 1524 Deus
1471 1477 1556 1524 ille
1589 1480 1675 1540 qui
1706 1476 1828 1523 nihil

326 1555 524 1599 censuit
550 1552 729 1599 deesse
756 1555 950 1608 virtuti,
976 1551 1245 1599 homuncio
1271 1551 1351 1599 hic
1379 1555 1465 1615 qui
1489 1551 1653 1598 multa
1677 1558 1830 1615 putat

326 1634 532 1690 praeter
572 1630 816 1674 virtutem
852 1626 1043 1673 homini
1079 1630 1267 1689 partim
1303 1633 1438 1673 cara³
1477 1642 1604 1682 esse,
1641 1629 1828 1689 partim

328 1705 484 1749 etiam
526 1705 823 1748 necessaria.
902 1701 1004 1748 Sed
1045 1701 1128 1748 ille
1171 1718 1348 1748 vereor
1389 1717 1455 1748 ne
1497 1704 1673 1748 virtuti
1715 1701 1828 1764 plus

326 1778 522 1824 tribuat
575 1793 728 1840 quam
781 1783 965 1823 natura
1016 1779 1261 1839 patiatur,
1313 1779 1614 1839 praesertim
1665 1775 1828 1823 Theo-

326 1850 533 1914 phrasto
579 1849 743 1897 multa
785 1851 975 1897 diserte
1019 1853 1323 1913 copioseque
1366 1856 1562 1897 contra⁴
1605 1850 1824 1897 dicente.

326 1925 395 1972 Et
422 1924 502 1972 hic
530 1932 706 1972 metuo
734 1941 799 1971 ne
828 1928 911 1971 vix
940 1926 1033 1972 sibi
1062 1932 1264 1972 constet
1292 1927 1378 1988 qui
1407 1941 1522 1971 cum
1550 1925 1687 1972 dicat
1715 1940 1825 1971 esse

325 2000 578 2063 quaedam
613 2007 667 2047 et
700 2003 919 2063 corporis
955 2006 1009 2046 et
1042 1998 1278 2046 fortunae
1312 1998 1464 2056 mala,
1498 2006 1674 2046 tamen
1708 2015 1825 2046 eum

326 2078 413 2138 qui
436 2078 488 2121 in
511 2074 588 2121 his
614 2076 845 2122 omnibus
871 2078 937 2121 sit
959 2076 1172 2121 beatum
1196 2073 1304 2121 fore
1329 2081 1537 2121 censeat
1561 2077 1602 2121 si
1625 2077 1826 2138 sapiens

325 2153 407 2196 sit.
472 2148 917 2196 Distrahor—tum
947 2148 1041 2195 hoc
1071 2148 1194 2195 mihi
1223 2147 1531 2211 probabilius
1561 2154 1673 2195 tum
1701 2147 1824 2194 illud

618 2256 634 2280 ¹
663 2256 779 2296 Reid
798 2273 807 2296 z
841 2255 1093 2296 adsentiens
1114 2257 1150 2296 si
1171 2269 1403 2307 nunquam
1423 2256 1546 2296 codd.

356 2310 374 2335 ²
403 2310 511 2363 quid
535 2323 650 2362 quae
672 2310 881 2350 dicuntur
904 2309 1012 2361 quid
1035 2310 1093 2361 (et
1115 2310 1227 2360 alia)
1250 2311 1400 2351 codd:
1439 2310 1626 2350 correxit
1650 2308 1793 2350 Guiet.

547 2365 564 2388 ³
594 2377 698 2404 ‘²³¹³
718 2363 1163 2458 widasffssffissffrt}
1177 2363 1405 2458 ‘gssffissssa
1425 2366 1446 2404 ‘⁹
1465 2363 1596 2404 Reid·

478 2516 495 2534 ‘¹
527 2510 611 2557 i.e.‚
633 2524 691 2549 an
712 2510 894 2561 opinion
915 2521 1024 2549 once
1044 2507 1244 2555 decided,
1267 2508 1498 2555 decretum,
1519 2507 1577 2559 cf.
1599 2512 1617 2555 ς
1639 2511 1710 2550 27.

326 2576 424 2624 640
