1919 3006
909 169 1160 219 CICERO

290 297 423 348 lecta
441 303 542 348 sint
562 316 591 347 a
608 298 914 364 philosophis
935 302 1098 348 debeo
1118 302 1328 358 discere,
1346 305 1646 365 praesertim
1665 319 1778 353 cum

215 387 265 426 15
288 377 512 442 plurimis
534 379 598 426 de
617 380 768 426 rebus
789 380 962 426 divini1
983 383 1065 426 isti
1086 384 1414 427 mentiantur.
1472 380 1482 397 ‘
1501 382 1575 428 At
1597 382 1779 428 medici

293 472 494 519 quoque
520 454 530 471 ’
559 456 652 519 (ita
680 458 815 502 enim
843 456 1066 520 dicebas)
1095 455 1105 472 ‘
1129 473 1281 519 saepe
1309 456 1585 505 falluntur.’
1644 456 1780 516 Quid

292 533 452 579 simile
475 534 743 589 medicina,
768 536 906 580 cuius
933 550 1027 598 ego
1051 537 1301 581 rationem
1324 535 1488 591 video,
1513 541 1567 582 et
1590 535 1779 582 divina-

292 613 381 666 tio,
422 627 552 674 quae
594 611 728 658 unde
769 614 958 658 oriatur
997 628 1098 658 non
1135 611 1419 676 intellego?
1489 612 1567 660 Tu
1606 619 1779 660 autem

295 690 451 734 etiam
503 687 775 734 Deciorum
827 689 1176 736 devotionibus
1226 688 1451 752 placatos
1502 689 1622 737 deos
1675 704 1783 736 esse

290 780 479 811 censes.
548 764 693 823 Quae
725 763 824 812 fuit
857 780 1032 812 eorum
1056 772 1209 813 tanta
1239 769 1478 829 iniquitas
1510 772 1570 814 ut
1600 765 1785 829 placari

292 841 478 905 populo
498 841 725 889 Romano
745 859 846 890 non
865 850 1072 905 possent
1091 846 1185 890 nisi
1205 845 1296 890 viri
1314 842 1442 890 tales
1462 842 1785 890 occidissent?

291 918 566 967 Consilium
621 919 747 967 illud
802 923 1183 983 imperatorium
1239 919 1355 976 fuit,
1412 921 1548 984 quod
1605 920 1786 968 Graeci

291 996 613 1060 στρατήγημα
651 996 927 1060 appellant,
964 998 1055 1045 sed
1091 1013 1265 1044 eorum
1300 1000 1664 1060 imperatorum
1700 999 1786 1061 qui

291 1076 489 1138 patriae
527 1074 849 1121 consulerent
886 1077 1022 1122 vitae
1059 1091 1160 1121 non
1197 1081 1495 1138 parcerent3
1541 1075 1786 1122 rebantur

295 1154 431 1198 enim
455 1149 564 1198 fore
591 1158 650 1198 ut
676 1154 928 1199 exercitus
953 1154 1313 1215 imperatorem
1341 1168 1471 1216 equo
1496 1154 1706 1199 incitato
1732 1166 1786 1198 se

293 1231 347 1276 in
363 1227 564 1276 hostem
580 1232 930 1277 inmittentem
946 1236 1357 1293 persequeretur,
1373 1230 1427 1277 id
1445 1229 1580 1293 quod
1599 1231 1784 1276 evenit.

294 1304 427 1353 Nam
460 1307 620 1353 Fauni
652 1323 826 1353 vocem
860 1308 1095 1370 equidem
1129 1323 1407 1370 numquam
1440 1307 1642 1354 audivi:
1691 1306 1786 1353 tibi

294 1386 336 1431 si
363 1384 611 1431 audivisse
638 1391 692 1431 te
712 1385 834 1431 dicis
853 1385 1073 1441 credam,
1094 1388 1190 1432 etsi
1218 1385 1419 1431 Faunus
1438 1387 1642 1431 omnino
1662 1383 1784 1447 quid

293 1464 360 1509 sit
384 1465 566 1509 nescio.
626 1461 741 1508 VII.
780 1462 894 1509 Non
917 1466 1074 1526 igitur
1099 1461 1279 1519 adhuc,
1305 1469 1554 1526 quantum
1579 1461 1786 1525 quidem

292 1540 346 1585 in
372 1545 426 1586 te
456 1546 551 1595 est,
580 1538 754 1596 Balbe,
783 1539 1025 1604 intellego
1055 1540 1174 1587 deos
1205 1555 1350 1596 esse3
1392 1555 1517 1604 quos
1547 1539 1785 1603 equidem

293 1615 444 1663 credo
470 1632 597 1672 esse,
621 1618 711 1664 sed
734 1616 857 1663 nihil
880 1618 1065 1664 docent
1089 1617 1258 1664 Stoici.

222 1701 271 1742 16
361 1692 388 1708 “
410 1693 542 1740 Nam
562 1693 835 1740 Cleanthes
856 1701 914 1741 ut
933 1695 1135 1741 dicebas
1162 1700 1404 1758 quattuor
1427 1693 1588 1740 modis
1604 1691 1787 1739 forma-

294 1778 374 1817 tas
408 1773 459 1818 in
484 1775 661 1818 animis
694 1770 954 1818 hominum
983 1779 1135 1834 putat
1167 1772 1377 1819 deorum
1403 1787 1512 1818 esse
1537 1773 1785 1818 notiones.

297 1847 440 1895 Unus
476 1864 540 1895 ex
576 1847 652 1895 his
681 1852 743 1896 is²
769 1850 948 1896 modus
977 1856 1055 1896 est
1081 1850 1145 1896 de
1173 1866 1272 1912 quo
1299 1851 1420 1895 satis
1447 1848 1568 1904 dixi,
1595 1850 1682 1911 qui
1709 1853 1788 1895 est

293 1933 556 1988 susceptus
595 1942 657 1972 ex
694 1930 1050 1988 praesensione
1087 1943 1255 1973 rerum
1292 1924 1613 1980 futurarum;
1657 1923 1787 1971 alter

296 2018 359 2049 ex
378 2003 844 2065 perturbationibus
865 2011 1235 2067 tempestatum
1256 2010 1309 2050 et
1327 2003 1529 2066 reliquis
1548 2002 1787 2058 motibus3

294 2083 476 2127 tertius
517 2096 579 2127 ex
619 2081 982 2128 commoditate
1020 2097 1189 2128 rerum
1228 2097 1352 2144 quas
1390 2082 1693 2143 percipimus
1733 2085 1787 2126 et

294 2160 460 2220 copia3
485 2165 693 2221 quartus
710 2174 773 2205 ex
789 2166 1038 2205 astrorum
1052 2159 1225 2206 ordine
1241 2157 1467 2221 caelique
1483 2159 1783 2204 constantia.

295 2234 375 2282 De
434 2239 790 2298 praesensione
849 2237 1080 2284 diximus.
1177 2236 1257 2283 De
1317 2233 1780 2298 perturbationibus

793 2357 807 2381 ²
840 2357 922 2396 da.
943 2373 953 2396 z
987 2355 1144 2396 divinis
1166 2355 1225 2401 Α,
1248 2353 1299 2394 Β.

555 2411 572 2436 ¹
601 2410 852 2462 Dieclchoff:
886 2423 999 2450 unus
1022 2412 1056 2450 is
1077 2409 1138 2457 A,
1160 2421 1274 2449 unus
1296 2421 1347 2448 ex
1369 2406 1435 2447 his
1455 2405 1509 2446 B.

355 2525 375 2545 ⁰
409 2518 535 2560 Book
559 2519 619 2561 ΙΙ.
647 2523 711 2561 12.
1288 2516 1305 2541 δ
1337 2515 1466 2558 Book
1487 2513 1549 2555 II.
1571 2516 1611 2556 6.

301 2600 396 2643 800
