1919 3006
951 191 1204 240 CICERO

327 321 475 365 tium¹
501 318 779 375 sustuleris,
803 320 868 366 de
893 319 1299 382 corpusculorum
1319 320 1413 383 (ita
1443 323 1578 367 enim
1601 319 1826 384 appellat

328 387 542 450 atomos)
570 390 894 434 concursione
919 385 1132 434 fortuita
1156 387 1294 450 loqui
1316 388 1334 434 ?
1403 387 1589 435 Nostra
1613 395 1673 435 tu
1698 388 1823 452 phy-

326 457 428 500 sica
451 457 600 509 nosti,
625 470 756 517 quae
781 471 896 500 cum
920 458 1277 502 contineantur
1302 471 1365 501 ex
1391 453 1657 502 effectione
1682 463 1736 503 et
1761 472 1824 503 ex

325 524 541 568 materia
567 538 628 568 ea
652 538 806 584 quam
831 521 978 585 fingit
1004 529 1057 568 et
1081 521 1268 569 format
1293 520 1510 578 effectio,
1536 522 1824 570 adhibenda

327 591 483 635 etiam
528 592 812 652 geometria
858 595 966 644 est;
1019 605 1173 652 quam
1209 590 1511 652 quibusnam
1557 593 1824 653 quisquam

326 659 592 702 enuntiare
620 656 784 702 verbis
813 663 902 703 aut
929 672 1084 719 quem
1111 657 1176 704 ad
1202 656 1607 721 intellegendum
1632 660 1824 720 poterit

326 722 614 770 adducere?
686 723 849 769 Haec-³
895 726 1004 785 ipsa
1045 723 1110 771 de
1152 727 1257 770 vita
1305 730 1359 771 et
1398 725 1620 771 moribus
1664 731 1718 771 et
1759 724 1823 771 de

326 790 626 852 expetendis
646 788 1003 853 fugiendisque
1023 791 1174 837 rebus
1194 791 1265 837 illi
1285 791 1595 854 simpliciter,
1615 791 1822 854 pecudis

326 860 460 903 enim
504 864 557 904 et
597 856 811 904 hominis
851 858 988 905 idem
1029 858 1219 905 bonum
1261 874 1371 905 esse
1412 865 1640 914 censent,
1688 859 1824 921 apud

324 931 519 971 nostros
536 931 729 972 autem³
751 942 853 972 non
876 928 1076 989 ignoras
1098 941 1230 989 quae
1251 929 1317 972 sit
1338 932 1392 972 et
1416 932 1610 989 quanta
1628 926 1822 972 subtili·

275 1001 299 1040 7
324 998 402 1037 tas
427 1008 438 1038 t
508 995 613 1038 sive
666 995 801 1039 enim
852 992 1110 1039 Zenonem
1162 1009 1394 1056 sequare,
1445 1010 1690 1057 magnum
1743 999 1823 1040 est

324 1059 521 1106 efficere
560 1066 620 1106 ut
660 1063 770 1122 quis
810 1060 1082 1123 intellegat
1122 1061 1244 1123 quid
1284 1064 1350 1107 sit
1389 1060 1513 1107 illud
1552 1076 1727 1107 verum
1769 1066 1823 1108 et

321 1126 535 1188 simplex
555 1127 745 1173 bonum
768 1127 904 1190 quod
925 1144 1026 1174 non
1047 1130 1206 1190 possit
1228 1128 1292 1174 ab
1313 1127 1585 1174 honestate
1607 1131 1822 1191 seiungi,

321 1194 457 1256 quod
475 1194 665 1240 bonum
690 1194 840 1257 quale
860 1197 926 1241 sit
947 1198 1150 1241 omnino
1171 1202 1330 1258 negat
1349 1195 1595 1258 Epicurus
1617 1201 1691 1242 504
1713 1198 1821 1241 sine

320 1260 664 1323 voluptatibus
703 1277 906 1308 sensum
944 1263 1265 1309 moventibus
1313 1278 1378 1309 ne
1425 1265 1666 1325 suspicari
1712 1265 1819 1325 qui·

320 1328 458 1374 dem⁵
478 1343 489 1384 ;
535 1331 576 1375 si
628 1345 746 1375 vero
783 1329 1114 1376 Academiam
1167 1336 1395 1376 veterem
1439 1345 1820 1392 persequamur,

319 1412 473 1458 quam
496 1412 603 1451 nos,
627 1403 685 1442 ut
707 1399 818 1452 scis,
842 1397 1131 1458 probamus,
1155 1413 1309 1460 quam
1334 1399 1430 1443 erit
1451 1396 1537 1443 illa
1560 1403 1709 1443 acute
1734 1412 1819 1443 ex·

319 1462 551 1524 plicanda
583 1463 759 1509 nobis!
812 1480 966 1526 quam
1000 1471 1198 1527 argute,
1232 1480 1386 1527 quam
1418 1465 1628 1511 obscure
1662 1467 1818 1510 etiam

319 1537 494 1576 contra
547 1529 740 1577 Stoicos
795 1531 1146 1578 disserendum
1169 1531 1178 1577 Ξ
1246 1532 1434 1578 Totum
1487 1534 1643 1595 igitur
1696 1530 1819 1578 illud

319 1596 665 1659 philosophiae
697 1598 924 1645 studium
955 1598 1078 1644 mihi
1112 1599 1319 1662 quidem
1351 1602 1459 1661 ipse
1492 1614 1635 1645 sumo
1668 1605 1722 1644 et
1753 1598 1818 1645 ad

319 1668 454 1711 vitae
492 1668 830 1712 constantiam
869 1673 1118 1728 quantum
1155 1682 1360 1728 possum
1399 1672 1454 1712 et
1492 1666 1557 1713 ad
1594 1665 1815 1713 delecta·

316 1734 510 1778 tionem
536 1735 705 1788 animi,
734 1748 828 1779 nec
857 1732 1015 1779 ullum
1041 1734 1272 1788 arbitror,
1301 1739 1360 1780 ut
1389 1733 1526 1795 apud
1549 1732 1817 1779 Platonem

319 1806 415 1854 est,
452 1803 612 1845 maius
651 1806 741 1846 aut
777 1799 957 1846 melius
996 1816 1025 1846 a
1062 1800 1137 1847 dis
1175 1801 1354 1847 datum
1389 1816 1572 1847 munus
1608 1799 1814 1846 homini.

268 1876 293 1915 8
318 1864 418 1913 Sed
443 1882 582 1913 meos
611 1870 795 1913 amicos
822 1870 874 1913 in
901 1868 1082 1930 quibus
1118 1867 1189 1914 id⁶
1219 1874 1297 1914 est
1323 1867 1548 1914 studium
1574 1870 1627 1913 in
1660 1866 1816 1914 Grae-

315 1938 443 1979 ciam
468 1937 635 1989 mitto,
660 1935 712 1981 id
738 1941 833 1990 est,
854 1934 919 1982 ad
944 1934 1164 1981 Graecos
1185 1937 1258 1981 ire
1282 1935 1450 1990 iubeo,
1475 1941 1535 1981 ut
1555 1940 1639 1981 ex⁷
1663 1932 1815 1981 fonti-

318 2001 409 2047 bus
430 2005 598 2063 potius
619 2000 856 2048 hauriant
876 2018 1028 2065 quam
1049 2001 1231 2048 rivulos
1252 2008 1609 2049 consectentur
1631 2016 1644 2057 ;
1682 2017 1815 2064 quae

756 2089 772 2113 ¹
801 2088 1038 2129 efficientes
1058 2088 1313 2129 Lambinus.

474 2142 489 2166 ²
521 2142 724 2183 lacunam
745 2147 845 2182 ante
866 2142 975 2183 haec
996 2143 1119 2183 codd.
1140 2160 1150 2183 ε
1173 2149 1318 2188 (ecce)
1338 2142 1448 2183 haec
1467 2142 1597 2184 Reid.

647 2198 663 2222 ³
692 2200 843 2237 autem
862 2196 1130 2237 Lambinus:
1162 2198 1281 2237 enim
1300 2197 1423 2238 codd.

749 2251 766 2275 ⁴
796 2263 842 2291 se
862 2251 1050 2291 inseruit
1070 2249 1324 2291 Lambinus.

400 2303 419 2330 ⁸
448 2317 502 2344 110
521 2305 735 2356 suspicari
754 2303 935 2356 quidem
956 2303 1148 2344 Durand
1166 2321 1176 2344 z
1216 2317 1296 2345 nec
1314 2305 1528 2357 suspicari
1546 2304 1669 2345 codd.

769 2359 786 2383 ⁸
816 2357 861 2398 id
883 2358 1071 2398 inseruit
1092 2357 1298 2398 Durand.

754 2412 771 2437 ⁷
799 2425 853 2452 ex
873 2411 1009 2452 Halm
1028 2428 1038 2452 ε
1069 2425 1121 2452 03
1141 2425 1168 2451 3
1188 2412 1311 2453 codd.

304 2549 410 2590 then
430 2550 698 2592 discovered.
1177 2550 1194 2575 δ
1228 2550 1430 2592 Timaeus
1447 2554 1501 2592 47
1524 2565 1563 2592 n.

315 2613 412 2661 416
