1919 3006
909 184 1160 232 CICERO

292 316 517 371 defendi,
551 332 642 362 nec
674 331 757 361 me
791 330 854 361 ex
888 330 949 360 ea
985 317 1219 377 opinione
1255 330 1408 377 quam
1444 329 1475 360 a
1508 313 1780 360 maioribus

295 392 464 452 accepi
491 389 553 436 de
579 387 719 434 cultu
748 387 957 434 deorum
989 385 1332 433 inmortalium
1360 385 1506 433 ullius
1538 401 1780 449 umquam

293 466 453 510 oratio
488 468 577 508 aut
610 461 745 508 docti
780 466 869 506 aut
901 459 1091 506 indocti
1123 459 1363 506 movebit.
1432 457 1532 506 Sed
1564 474 1680 505 cum
1712 458 1778 505 de

291 537 534 601 religione
587 539 771 599 agitur,
822 534 895 581 Ti.
965 533 1334 581 Coruncanium
1386 532 1441 581 P.
1495 532 1779 596 Scipionem

294 611 348 659 P.
403 609 693 657 Scaevolam
743 608 1006 671 pontifices
1058 611 1322 664 maximos,
1370 625 1473 655 non
1523 607 1779 654 Zenonem

294 691 384 731 aut
429 681 713 730 Cleanthen
755 688 844 728 aut
886 681 1223 744 Chrysippum
1273 697 1472 744 sequor,
1512 679 1779 743 habeoque

295 757 349 804 C.
390 755 619 802 Laelium
654 771 898 818 augurem
932 755 1253 817 eundemque
1290 757 1591 816 sapientem,
1627 768 1780 816 quem

293 833 461 894 potius
490 828 692 874 audiam
721 828 976 873 dicentem
1005 827 1068 873 de
1095 825 1338 890 religione
1364 829 1416 872 in
1443 825 1527 872 illa
1554 827 1782 872 oratione

293 902 448 951 nobili
470 919 622 965 quam
643 917 952 964 quemquam
971 904 1250 964 principem
1269 899 1564 947 Stoicorum.
1633 899 1784 946 Cum-

296 992 395 1039 que
443 977 603 1022 omnis
648 972 821 1036 populi
868 973 1082 1019 Romani
1126 972 1302 1037 religio
1347 976 1399 1019 in
1445 989 1586 1020 sacra
1631 979 1685 1020 et
1728 975 1782 1018 in

297 1051 518 1110 auspicia
560 1047 718 1093 divisa
758 1049 841 1102 sit,
882 1049 1093 1092 tertium
1136 1046 1431 1093 adiunctum
1471 1048 1538 1092 sit
1578 1047 1618 1092 si
1661 1043 1785 1108 quid

293 1121 650 1185 praedictionis
677 1135 828 1166 causa
855 1134 919 1165 ex
943 1122 1193 1182 portentis
1222 1125 1276 1166 et
1300 1121 1536 1168 monstris
1562 1117 1782 1182 Sibyllae

294 1198 601 1256 interpretes
658 1191 1010 1254 haruspicesve
1066 1199 1391 1248 monuerunt,
1448 1190 1627 1238 harum
1686 1206 1783 1254 ego

293 1267 594 1331 religionum
629 1264 817 1311 nullam
854 1281 1096 1328 umquam
1131 1265 1556 1312 contemnendam
1590 1266 1784 1328 putavi,

295 1339 521 1403 mihique
566 1342 642 1385 ita
685 1341 929 1401 persuasi,
971 1337 1241 1385 Romulum
1282 1341 1512 1402 auspiciis
1563 1337 1783 1384 Numam

296 1416 446 1461 sacris
472 1415 759 1459 constitutis
779 1410 1115 1458 fundamenta
1131 1415 1307 1459 iecisse
1325 1419 1528 1459 nostrae
1547 1414 1781 1466 civitatis,

296 1503 427 1552 quae
452 1502 730 1549 numquam
753 1484 981 1548 profecto
1006 1489 1113 1533 sine
1137 1502 1335 1533 summa
1356 1485 1641 1550 placatione
1665 1486 1786 1533 deo·

245 1567 273 1608 6
294 1577 407 1607 rum
429 1558 771 1606 inmortalium
794 1565 942 1605 tanta
965 1574 1074 1605 esse
1096 1561 1361 1621 potuisset.
1430 1558 1603 1605 Habes
1625 1557 1783 1605 Balbe

296 1632 418 1696 quid
465 1630 619 1677 Cotta
666 1631 788 1694 quid
827 1629 1059 1693 pontifex
1106 1634 1330 1688 sentiat;
1382 1629 1462 1678 fac
1507 1648 1640 1678 nunc
1687 1647 1782 1695 ego

294 1703 590 1767 intellegam
626 1710 685 1750 tu
720 1703 842 1766 quid
868 1706 1070 1750 sentias.
1145 1704 1193 1750 A
1235 1710 1290 1751 te
1327 1707 1462 1750 enim
1487 1702 1782 1767 philosopho

293 1781 544 1826 rationem
570 1780 796 1840 accipere
822 1777 985 1824 debeo
1009 1777 1281 1841 religionis,
1305 1779 1576 1825 maioribus
1609 1784 1783 1825 autem

294 1854 477 1899 nostris
501 1853 656 1897 etiam
679 1850 816 1897 nulla
836 1853 1032 1897 ratione
1054 1851 1256 1898 reddita
1277 1850 1535 1899 credere.'’

360 1923 456 1970 ΙΙΙ.
491 1922 621 1969 Tum
658 1921 844 1969 Balbus
877 1921 904 1938 “
929 1922 1095 1982 Quam
1124 1926 1280 1988 igitur
1309 1939 1340 1970 a
1369 1939 1451 1971 me
1482 1927 1731 1971 rationem
1750 1917 1786 1941 ⁰⁸

293 1999 460 2060 inquit
484 1995 511 2011 “
537 1995 706 2052 Cotta,
731 1996 985 2043 desideras
1008 1997 1026 2042 ?
1051 1995 1080 2012 ''

358 2069 428 2116 Et
456 2068 539 2115 ille
573 2068 599 2084 “
625 2068 1009 2131 Quadripertita
1031 2068 1059 2085 ”
1090 2072 1256 2133 inquit
1287 2068 1316 2086 “
1338 2067 1437 2116 fuit
1466 2069 1640 2117 divisio
1670 2076 1778 2127 tua,

293 2145 512 2206 primum
549 2148 608 2187 ut
645 2140 798 2187 velles
837 2141 1017 2188 docere
1056 2142 1176 2188 deos
1216 2157 1343 2197 esse,
1381 2142 1565 2189 deinde
1604 2142 1778 2206 quales

295 2222 481 2271 essent,
506 2222 617 2262 tum
644 2215 708 2262 ab
733 2218 791 2261 iis
817 2215 1063 2262 mundum
1088 2218 1214 2279 regi,
1237 2222 1494 2278 postremo
1519 2216 1779 2265 consulere

358 2433 378 2452 ‘²
409 2426 585 2468 Laelius
614 2426 741 2467 when
771 2431 961 2479 praetor,
987 2429 1066 2468 143
1097 2441 1193 2476 B.c.‚
1219 2426 1508 2481 successfully
1536 2428 1733 2482 opposed
1752 2443 1781 2471 a

301 2481 1082 2588 3235&ssft‘iifgissnssfiissghssofssi‘iffl?
1103 2481 1243 2588 ‘'iffi'}
1262 2495 1428 2577 335³¹¹r⁵
1448 2486 1495 2523 ω
1513 2482 1589 2524 ‘he
1609 2483 1779 2536 pe⁰¹³¹⁶⁴

295 2603 392 2652 290
