1853 3001
853 274 1105 324 CICERO

157 414 208 455 17
231 424 419 473 magna
468 407 729 455 dissensi0.
796 405 987 454 Verum
1037 405 1132 453 hoc
1182 404 1341 462 alias;
1408 421 1544 454 nunc
1592 403 1730 469 quod

232 493 509 552 coepimus,
531 492 572 535 si
593 486 849 535 videtur.''

298 569 328 588 ‘⁴
354 569 484 616 Mihi
511 568 683 625 vero,”
710 572 877 634 inquit
903 567 1075 624 Cotta,
1102 566 1131 585 ‘⁸
1155 568 1372 616 videtur.
1439 565 1543 615 Sed
1567 572 1627 614 ut
1651 564 1732 613 hic

236 655 323 717 qui
358 653 637 699 intervenit
659 648 688 666 ’'
725 666 809 697 me
845 653 1051 696 intuens
1089 647 1118 666 ‘⁴
1141 665 1208 697 ne
1243 652 1447 713 ignoret
1483 664 1616 712 quae
1651 663 1733 695 res

237 739 438 796 agatur,
461 732 526 780 de
550 738 736 779 natura
758 732 1037 795 agebamus
1062 731 1291 787 deorum,
1315 746 1448 794 quae
1472 745 1588 777 cum
1610 727 1734 776 mihi

237 814 495 860 videretur
518 814 841 875 perobscura,
866 819 924 860 ut
949 828 1152 875 semper
1175 812 1334 859 videri
1356 810 1505 867 solet,
1529 811 1734 873 Epicuri

238 910 303 941 ex
335 893 528 941 Velleio
559 894 851 941 sciscitabar
881 897 1207 941 sententiam.
1277 892 1445 952 Quam
1475 892 1541 939 ob
1572 888 1735 946 rem,”

238 977 404 1040 inquit
439 973 467 992 “
491 974 671 1031 Vellei,
695 978 789 1022 nisi
817 974 1090 1023 molestum
1120 981 1216 1032 est,
1240 980 1420 1038 repete
1455 989 1588 1039 quae
1623 987 1731 1019 coe·

237 1054 440 1121 peras.”

303 1135 610 1199 “Repetam
655 1153 792 1193 vero,
837 1153 1149 1200 quamquam
1193 1153 1296 1184 non
1339 1134 1464 1184 mihi
1506 1135 1599 1184 sed
1642 1134 1737 1182 tibi

238 1216 321 1265 hic
363 1221 505 1265 venit
548 1218 784 1274 adiutor3
846 1219 997 1266 ambo
1042 1221 1178 1265 enim
1201 1216 1230 1234 ”
1273 1220 1441 1281 inquit
1484 1217 1739 1272 adridens,

240 1296 273 1316 ‘⁰
298 1300 362 1346 ab
387 1299 569 1347 eodem
591 1298 802 1346 Philone
825 1299 949 1346 nihil
970 1302 1095 1347 scire
1119 1297 1417 1347 didicistis.”

304 1381 434 1428 Tum
477 1397 609 1446 ego:
656 1379 686 1397 “
711 1380 848 1442 Quid
888 1382 1211 1429 didicerimus
1253 1380 1411 1428 Cotta
1443 1378 1645 1436 viderit,
1677 1385 1737 1426 tu

240 1470 417 1509 autem
460 1462 576 1510 nolo
618 1478 703 1510 me
747 1466 1008 1511 existimes
1053 1463 1340 1510 adiutorem
1381 1461 1499 1509 huic
1541 1463 1738 1510 venisse

242 1544 334 1593 sed
373 1544 677 1600 auditorem,
718 1551 773 1591 et
812 1545 1021 1608 quidem
1061 1561 1301 1608 aequum,
1339 1543 1498 1591 libero
1537 1543 1740 1598 iudicio,

243 1624 381 1672 nulla
403 1628 509 1672 eius
531 1626 670 1673 modi
701 1626 1002 1673 adstrictum
1023 1629 1331 1673 necessitate
1354 1632 1413 1673 ut
1433 1624 1557 1671 mihi
1588 1623 1739 1671 velim

244 1705 398 1754 nolim
421 1710 487 1753 sit
508 1714 649 1754 certa
672 1708 925 1770 quaedam
947 1708 1142 1755 tuenda
1164 1704 1475 1754 sententia.”

171 1859 222 1901 18
307 1853 455 1903 VIII.
488 1854 620 1902 Tum
656 1854 879 1903 Velleius
915 1856 1134 1903 fidenter
1169 1872 1309 1911 sane,
1345 1861 1405 1902 ut
1439 1854 1605 1902 solent
1638 1856 1742 1911 isti,

246 1935 369 1984 nihil
409 1943 519 1984 tam
561 1953 740 1985 verens
784 1954 938 2001 quam
980 1953 1046 1985 ne
1089 1938 1324 1984 dubitare
1367 1936 1537 2000 aliqua
1579 1936 1644 1984 de
1685 1952 1741 1985 re

246 2018 521 2074 videretur,
544 2025 810 2082 tamquam
836 2020 989 2066 modo
1019 2035 1084 2066 ex
1114 2019 1325 2066 deorum
1354 2017 1563 2065 concilio
1593 2024 1648 2065 et
1677 2033 1741 2065 ex

247 2098 450 2160 Epicuri
474 2099 827 2146 intermundiis
856 2100 1222 2157 descendisset,
1246 2098 1275 2116 ‘⁸
1294 2099 1485 2146 Audite
1505 2097 1534 2115 ’'
1558 2102 1742 2162 inquit,

246 2178 277 2197 “
299 2197 402 2228 non
433 2179 618 2230 futtilis
651 2185 1135 2246 commenticiasque
1168 2184 1470 2237 sententias,
1502 2197 1606 2227 non
1638 2183 1744 2244 opi-

247 2261 394 2309 ficem
430 2262 911 2328 aedificatoremque
945 2264 1140 2319 mundi,
1175 2262 1400 2311 Platonis
1435 2262 1499 2311 de
1533 2261 1743 2310 Timaeo

248 2343 420 2399 deum,
472 2361 566 2391 nec
619 2361 773 2392 anum
823 2343 1086 2393 fatidicam
1151 2343 1433 2392 Stoicorum
1498 2342 1742 2404 πρόνοιαν,

247 2440 403 2487 quam
434 2424 619 2472 Latine
649 2425 770 2473 licet
799 2427 1172 2488 providentiam
1203 2426 1390 2481 dicere,
1419 2440 1589 2488 neque
1619 2440 1739 2471 vero

311 2568 330 2588 ⁶
360 2563 579 2615 Epicurus
621 2566 783 2618 taught
828 2565 926 2606 that
966 2565 1078 2618 gods
1125 2564 1259 2606 dwelt
1302 2565 1349 2606 in
1389 2568 1544 2617 empty
1584 2576 1739 2616 spaces

255 2616 454 2660 between
472 2619 547 2659 the
567 2619 769 2662 material
788 2619 961 2662 worlds.

253 2687 316 2732 20
