<?xml version="1.0" encoding="UTF-8"?>
<!DOCTYPE html PUBLIC "-//W3C//DTD XHTML 1.0 Transitional//EN"
    "http://www.w3.org/TR/xhtml1/DTD/xhtml1-transitional.dtd">
<html xmlns="http://www.w3.org/1999/xhtml" xml:lang="en" lang="en">
 <head>
  <title>
</title>
<meta http-equiv="Content-Type" content="text/html;charset=utf-8" />
  <meta name='ocr-system' content='tesseract 3.04.00' />
  <meta name='ocr-capabilities' content='ocr_page ocr_carea ocr_par ocr_line ocrx_word'/>
</head>
<body>
  <div class='ocr_page' id='page_1' title='image "./denaturadeorumac00ciceuoft_0468.png"; bbox 0 0 1919 3006; ppageno 0'>
   <div class='ocr_carea' id='block_1_1' title="bbox 964 227 1217 276">
    <p class='ocr_par' dir='ltr' id='par_1_1' title="bbox 964 227 1217 276">
     <span class='ocr_line' id='line_1_1' title="bbox 964 227 1217 276; baseline 0.004 -1"><span class='ocrx_word' id='word_1_1' title='bbox 964 227 1217 276; x_wconf 90' lang='lat' dir='ltr'>CICERO</span> 
     </span>
    </p>
   </div>
   <div class='ocr_carea' id='block_1_2' title="bbox 260 354 1841 1966">
    <p class='ocr_par' dir='ltr' id='par_1_2' title="bbox 260 354 1841 1966">
     <span class='ocr_line' id='line_1_2' title="bbox 341 354 1838 419; baseline 0.002 -18"><span class='ocrx_word' id='word_1_2' title='bbox 341 354 477 418; x_wconf 85' lang='lat' dir='ltr'>vulgi</span> <span class='ocrx_word' id='word_1_3' title='bbox 498 355 708 401; x_wconf 90' lang='lat' dir='ltr'>verbum</span> <span class='ocrx_word' id='word_1_4' title='bbox 731 354 821 402; x_wconf 88' lang='lat' dir='ltr'>sed</span> <span class='ocrx_word' id='word_1_5' title='bbox 841 354 1253 418; x_wconf 88' lang='lat' dir='ltr'>philosophorum</span> <span class='ocrx_word' id='word_1_6' title='bbox 1276 371 1288 411; x_wconf 87' lang='lat'>;</span> <span class='ocrx_word' id='word_1_7' title='bbox 1329 362 1484 419; x_wconf 89' lang='lat' dir='ltr'>atque</span> <span class='ocrx_word' id='word_1_8' title='bbox 1505 355 1557 403; x_wconf 87' lang='lat' dir='ltr'>id</span> <span class='ocrx_word' id='word_1_9' title='bbox 1578 359 1631 402; x_wconf 91' lang='lat' dir='ltr'>in</span> <span class='ocrx_word' id='word_1_10' title='bbox 1651 355 1838 405; x_wconf 89' lang='lat' dir='ltr'>multis.</span> 
     </span>
     <span class='ocr_line' id='line_1_3' title="bbox 341 422 1840 486; baseline 0.002 -18"><span class='ocrx_word' id='word_1_11' title='bbox 341 422 738 469; x_wconf 88' lang='lat' dir='ltr'>Dialecticorum</span> <span class='ocrx_word' id='word_1_12' title='bbox 780 439 898 469; x_wconf 90' lang='lat' dir='ltr'>vero</span> <span class='ocrx_word' id='word_1_13' title='bbox 941 424 1097 469; x_wconf 87' lang='lat' dir='ltr'>verba</span> <span class='ocrx_word' id='word_1_14' title='bbox 1138 423 1276 469; x_wconf 89' lang='lat' dir='ltr'>nulla</span> <span class='ocrx_word' id='word_1_15' title='bbox 1318 430 1437 470; x_wconf 88' lang='lat' dir='ltr'>sunt</span> <span class='ocrx_word' id='word_1_16' title='bbox 1478 424 1697 486; x_wconf 85' lang='lat' dir='ltr'>publica,</span> <span class='ocrx_word' id='word_1_17' title='bbox 1739 427 1840 471; x_wconf 81' lang='lat' dir='ltr'>suis</span> 
     </span>
     <span class='ocr_line' id='line_1_4' title="bbox 340 489 1840 553; baseline 0.001 -17"><span class='ocrx_word' id='word_1_18' title='bbox 340 497 590 545; x_wconf 83' lang='lat' dir='ltr'>utuntur3</span> <span class='ocrx_word' id='word_1_19' title='bbox 644 496 698 536; x_wconf 88' lang='lat' dir='ltr'>et</span> <span class='ocrx_word' id='word_1_20' title='bbox 730 489 783 536; x_wconf 90' lang='lat' dir='ltr'>id</span> <span class='ocrx_word' id='word_1_21' title='bbox 817 490 1023 553; x_wconf 93' lang='lat' dir='ltr'>quidem</span> <span class='ocrx_word' id='word_1_22' title='bbox 1058 507 1325 537; x_wconf 91' lang='lat' dir='ltr'>commune</span> <span class='ocrx_word' id='word_1_23' title='bbox 1360 493 1585 537; x_wconf 92' lang='lat' dir='ltr'>omnium</span> <span class='ocrx_word' id='word_1_24' title='bbox 1617 489 1726 538; x_wconf 84' lang='lat' dir='ltr'>fere</span> <span class='ocrx_word' id='word_1_25' title='bbox 1761 497 1840 538; x_wconf 88' lang='lat' dir='ltr'>est</span> 
     </span>
     <span class='ocr_line' id='line_1_5' title="bbox 341 557 1841 612; baseline 0.001 -10"><span class='ocrx_word' id='word_1_26' title='bbox 341 560 543 612; x_wconf 84' lang='lat' dir='ltr'>artium,</span> <span class='ocrx_word' id='word_1_27' title='bbox 571 564 660 603; x_wconf 88' lang='lat' dir='ltr'>aut</span> <span class='ocrx_word' id='word_1_28' title='bbox 687 560 821 603; x_wconf 90' lang='lat' dir='ltr'>enim</span> <span class='ocrx_word' id='word_1_29' title='bbox 847 574 977 603; x_wconf 90' lang='lat' dir='ltr'>nova</span> <span class='ocrx_word' id='word_1_30' title='bbox 1002 564 1121 604; x_wconf 90' lang='lat' dir='ltr'>sunt</span> <span class='ocrx_word' id='word_1_31' title='bbox 1145 574 1314 604; x_wconf 91' lang='lat' dir='ltr'>rerum</span> <span class='ocrx_word' id='word_1_32' title='bbox 1340 575 1583 604; x_wconf 87' lang='lat' dir='ltr'>novarum</span> <span class='ocrx_word' id='word_1_33' title='bbox 1607 557 1841 606; x_wconf 87' lang='lat' dir='ltr'>facienda</span> 
     </span>
     <span class='ocr_line' id='line_1_6' title="bbox 337 623 1841 683; baseline 0.001 -13"><span class='ocrx_word' id='word_1_34' title='bbox 337 628 541 670; x_wconf 89' lang='lat' dir='ltr'>nomina</span> <span class='ocrx_word' id='word_1_35' title='bbox 553 631 641 670; x_wconf 90' lang='lat' dir='ltr'>aut</span> <span class='ocrx_word' id='word_1_36' title='bbox 654 640 716 670; x_wconf 87' lang='lat' dir='ltr'>ex</span> <span class='ocrx_word' id='word_1_37' title='bbox 729 624 835 670; x_wconf 88' lang='lat' dir='ltr'>aliis</span> <span class='ocrx_word' id='word_1_38' title='bbox 846 623 1214 672; x_wconf 87' lang='lat' dir='ltr'>transferenda.</span> <span class='ocrx_word' id='word_1_39' title='bbox 1243 625 1394 683; x_wconf 81' lang='lat' dir='ltr'>Quod</span> <span class='ocrx_word' id='word_1_40' title='bbox 1404 628 1444 671; x_wconf 90' lang='lat' dir='ltr'>si</span> <span class='ocrx_word' id='word_1_41' title='bbox 1455 625 1637 672; x_wconf 87' lang='lat' dir='ltr'>Graeci</span> <span class='ocrx_word' id='word_1_42' title='bbox 1646 624 1841 672; x_wconf 86' lang='lat' dir='ltr'>faciunt</span> 
     </span>
     <span class='ocr_line' id='line_1_7' title="bbox 340 690 1841 756; baseline 0.001 -19"><span class='ocrx_word' id='word_1_43' title='bbox 340 695 426 753; x_wconf 89' lang='lat' dir='ltr'>qui</span> <span class='ocrx_word' id='word_1_44' title='bbox 451 695 504 737; x_wconf 92' lang='lat' dir='ltr'>in</span> <span class='ocrx_word' id='word_1_45' title='bbox 528 690 603 737; x_wconf 90' lang='lat' dir='ltr'>his</span> <span class='ocrx_word' id='word_1_46' title='bbox 629 692 780 738; x_wconf 91' lang='lat' dir='ltr'>rebus</span> <span class='ocrx_word' id='word_1_47' title='bbox 806 698 886 738; x_wconf 91' lang='lat' dir='ltr'>tot</span> <span class='ocrx_word' id='word_1_48' title='bbox 911 695 1011 738; x_wconf 90' lang='lat' dir='ltr'>iam</span> <span class='ocrx_word' id='word_1_49' title='bbox 1038 692 1239 738; x_wconf 88' lang='lat' dir='ltr'>saecula</span> <span class='ocrx_word' id='word_1_50' title='bbox 1263 699 1545 749; x_wconf 82' lang='lat' dir='ltr'><strong>versantur,</strong></span> <span class='ocrx_word' id='word_1_51' title='bbox 1571 699 1764 756; x_wconf 88' lang='lat' dir='ltr'>quanto</span> <span class='ocrx_word' id='word_1_52' title='bbox 1788 693 1841 740; x_wconf 92' lang='lat' dir='ltr'>id</span> 
     </span>
     <span class='ocr_line' id='line_1_8' title="bbox 339 758 1839 822; baseline 0.001 -18"><span class='ocrx_word' id='word_1_53' title='bbox 339 762 500 822; x_wconf 84' lang='lat' dir='ltr'>magis</span> <span class='ocrx_word' id='word_1_54' title='bbox 526 759 668 805; x_wconf 89' lang='lat' dir='ltr'>nobis</span> <span class='ocrx_word' id='word_1_55' title='bbox 695 759 1076 806; x_wconf 90' lang='lat' dir='ltr'>concedendum</span> <span class='ocrx_word' id='word_1_56' title='bbox 1102 766 1181 805; x_wconf 89' lang='lat' dir='ltr'>est</span> <span class='ocrx_word' id='word_1_57' title='bbox 1205 763 1291 822; x_wconf 92' lang='lat' dir='ltr'>qui</span> <span class='ocrx_word' id='word_1_58' title='bbox 1314 758 1441 806; x_wconf 92' lang='lat' dir='ltr'>haec</span> <span class='ocrx_word' id='word_1_59' title='bbox 1465 776 1598 806; x_wconf 91' lang='lat' dir='ltr'>nunc</span> <span class='ocrx_word' id='word_1_60' title='bbox 1620 763 1839 822; x_wconf 91' lang='lat' dir='ltr'>primum</span> 
     </span>
     <span class='ocr_line' id='line_1_9' title="bbox 260 824 1839 890; baseline -0.001 -16"><span class='ocrx_word' id='word_1_61' title='bbox 260 834 313 874; x_wconf 82' lang='lat'>26</span> <span class='ocrx_word' id='word_1_62' title='bbox 338 832 560 872; x_wconf 87' lang='lat' dir='ltr'>tractare</span> <span class='ocrx_word' id='word_1_63' title='bbox 592 827 872 872; x_wconf 89' lang='lat' dir='ltr'>conamur?</span> <span class='ocrx_word' id='word_1_64' title='bbox 898 824 925 841; x_wconf 92' lang='lat'>&#39;&#39;</span> <span class='ocrx_word' id='word_1_65' title='bbox 991 825 1018 842; x_wconf 92' lang='lat'>“</span> <span class='ocrx_word' id='word_1_66' title='bbox 1043 826 1120 873; x_wconf 95' lang='lat' dir='ltr'>Tu</span> <span class='ocrx_word' id='word_1_67' title='bbox 1151 825 1322 882; x_wconf 85' lang='lat' dir='ltr'>vero,&#39;&#39;</span> <span class='ocrx_word' id='word_1_68' title='bbox 1353 830 1579 890; x_wconf 89' lang='lat' dir='ltr'>inquam,</span> <span class='ocrx_word' id='word_1_69' title='bbox 1611 826 1638 842; x_wconf 92' lang='lat'>“</span> <span class='ocrx_word' id='word_1_70' title='bbox 1663 827 1839 882; x_wconf 88' lang='lat' dir='ltr'>Varro,</span> 
     </span>
     <span class='ocr_line' id='line_1_10' title="bbox 339 893 1839 941; baseline 0.001 -2"><span class='ocrx_word' id='word_1_71' title='bbox 339 894 471 939; x_wconf 91' lang='lat' dir='ltr'>bene</span> <span class='ocrx_word' id='word_1_72' title='bbox 503 896 659 939; x_wconf 89' lang='lat' dir='ltr'>etiam</span> <span class='ocrx_word' id='word_1_73' title='bbox 688 897 960 940; x_wconf 79' lang='lat' dir='ltr'>meriturus</span> <span class='ocrx_word' id='word_1_74' title='bbox 989 893 1112 940; x_wconf 90' lang='lat' dir='ltr'>mihi</span> <span class='ocrx_word' id='word_1_75' title='bbox 1142 894 1324 940; x_wconf 89' lang='lat' dir='ltr'>videris</span> <span class='ocrx_word' id='word_1_76' title='bbox 1356 894 1420 940; x_wconf 92' lang='lat' dir='ltr'>de</span> <span class='ocrx_word' id='word_1_77' title='bbox 1449 897 1550 941; x_wconf 88' lang='lat' dir='ltr'>tuis</span> <span class='ocrx_word' id='word_1_78' title='bbox 1580 895 1769 941; x_wconf 88' lang='lat' dir='ltr'>civibus</span> <span class='ocrx_word' id='word_1_79' title='bbox 1799 897 1839 941; x_wconf 91' lang='lat' dir='ltr'>si</span> 
     </span>
     <span class='ocr_line' id='line_1_11' title="bbox 340 960 1840 1023; baseline 0.001 -17"><span class='ocrx_word' id='word_1_80' title='bbox 340 976 424 1006; x_wconf 89' lang='lat' dir='ltr'>eos</span> <span class='ocrx_word' id='word_1_81' title='bbox 461 977 563 1006; x_wconf 93' lang='lat' dir='ltr'>non</span> <span class='ocrx_word' id='word_1_82' title='bbox 597 960 748 1007; x_wconf 91' lang='lat' dir='ltr'>modo</span> <span class='ocrx_word' id='word_1_83' title='bbox 785 964 929 1023; x_wconf 89' lang='lat' dir='ltr'>copia</span> <span class='ocrx_word' id='word_1_84' title='bbox 964 977 1133 1007; x_wconf 87' lang='lat' dir='ltr'>rerum</span> <span class='ocrx_word' id='word_1_85' title='bbox 1170 964 1387 1017; x_wconf 81' lang='lat' dir='ltr'>auxeris,</span> <span class='ocrx_word' id='word_1_86' title='bbox 1417 968 1475 1008; x_wconf 92' lang='lat' dir='ltr'>ut</span> <span class='ocrx_word' id='word_1_87' title='bbox 1509 960 1712 1017; x_wconf 87' lang='lat' dir='ltr'>fecisti,1</span> <span class='ocrx_word' id='word_1_88' title='bbox 1749 961 1840 1008; x_wconf 87' lang='lat' dir='ltr'>sed</span> 
     </span>
     <span class='ocr_line' id='line_1_12' title="bbox 339 1026 1839 1091; baseline 0.001 -18"><span class='ocrx_word' id='word_1_89' title='bbox 339 1031 496 1073; x_wconf 85' lang='lat' dir='ltr'>etiam</span> <span class='ocrx_word' id='word_1_90' title='bbox 512 1026 832 1074; x_wconf 85' lang='lat' dir='ltr'>verborum.&#39;’</span> <span class='ocrx_word' id='word_1_91' title='bbox 883 1027 911 1043; x_wconf 87' lang='lat'><strong>“</strong></span> <span class='ocrx_word' id='word_1_92' title='bbox 937 1028 1254 1075; x_wconf 82' lang='lat' dir='ltr'>Audebimus</span> <span class='ocrx_word' id='word_1_93' title='bbox 1273 1027 1446 1091; x_wconf 85' lang='lat' dir='ltr'>ergo,&#39;’</span> <span class='ocrx_word' id='word_1_94' title='bbox 1463 1031 1646 1091; x_wconf 89' lang='lat' dir='ltr'>inquit,</span> <span class='ocrx_word' id='word_1_95' title='bbox 1664 1027 1839 1075; x_wconf 89' lang='lat' dir='ltr'>“novis</span> 
     </span>
     <span class='ocr_line' id='line_1_13' title="bbox 341 1095 1840 1159; baseline 0.001 -19"><span class='ocrx_word' id='word_1_96' title='bbox 341 1095 502 1141; x_wconf 89' lang='lat' dir='ltr'>verbis</span> <span class='ocrx_word' id='word_1_97' title='bbox 536 1098 611 1141; x_wconf 89' lang='lat' dir='ltr'>uti</span> <span class='ocrx_word' id='word_1_98' title='bbox 644 1102 698 1141; x_wconf 87' lang='lat' dir='ltr'>te</span> <span class='ocrx_word' id='word_1_99' title='bbox 733 1102 938 1142; x_wconf 91' lang='lat' dir='ltr'>auctore</span> <span class='ocrx_word' id='word_1_100' title='bbox 971 1098 1012 1142; x_wconf 90' lang='lat' dir='ltr'>si</span> <span class='ocrx_word' id='word_1_101' title='bbox 1044 1112 1251 1142; x_wconf 89' lang='lat' dir='ltr'>necesse</span> <span class='ocrx_word' id='word_1_102' title='bbox 1286 1099 1396 1142; x_wconf 88' lang='lat' dir='ltr'>erit.</span> <span class='ocrx_word' id='word_1_103' title='bbox 1463 1096 1653 1142; x_wconf 87' lang='lat' dir='ltr'>Earum</span> <span class='ocrx_word' id='word_1_104' title='bbox 1684 1099 1840 1159; x_wconf 87' lang='lat' dir='ltr'>igitur</span> 
     </span>
     <span class='ocr_line' id='line_1_14' title="bbox 337 1162 1837 1225; baseline 0.001 -18"><span class='ocrx_word' id='word_1_105' title='bbox 337 1162 644 1224; x_wconf 76' lang='lat' dir='ltr'>qualitatum</span> <span class='ocrx_word' id='word_1_106' title='bbox 680 1169 798 1208; x_wconf 90' lang='lat' dir='ltr'>sunt</span> <span class='ocrx_word' id='word_1_107' title='bbox 834 1162 963 1209; x_wconf 91' lang='lat' dir='ltr'>aliae</span> <span class='ocrx_word' id='word_1_108' title='bbox 997 1166 1265 1225; x_wconf 86' lang='lat' dir='ltr'>principes,</span> <span class='ocrx_word' id='word_1_109' title='bbox 1303 1162 1431 1209; x_wconf 87' lang='lat' dir='ltr'>aliae</span> <span class='ocrx_word' id='word_1_110' title='bbox 1468 1179 1531 1209; x_wconf 87' lang='lat' dir='ltr'>ex</span> <span class='ocrx_word' id='word_1_111' title='bbox 1566 1162 1642 1209; x_wconf 91' lang='lat' dir='ltr'>his</span> <span class='ocrx_word' id='word_1_112' title='bbox 1678 1170 1837 1209; x_wconf 84' lang='lat' dir='ltr'>ortae.</span> 
     </span>
     <span class='ocr_line' id='line_1_15' title="bbox 337 1228 1838 1292; baseline 0.001 -17"><span class='ocrx_word' id='word_1_113' title='bbox 337 1228 593 1291; x_wconf 84' lang='lat' dir='ltr'>Principes</span> <span class='ocrx_word' id='word_1_114' title='bbox 615 1236 733 1276; x_wconf 91' lang='lat' dir='ltr'>sunt</span> <span class='ocrx_word' id='word_1_115' title='bbox 755 1233 900 1276; x_wconf 89' lang='lat' dir='ltr'>unius</span> <span class='ocrx_word' id='word_1_116' title='bbox 921 1231 1058 1277; x_wconf 90' lang='lat' dir='ltr'>modi</span> <span class='ocrx_word' id='word_1_117' title='bbox 1081 1237 1135 1276; x_wconf 90' lang='lat' dir='ltr'>et</span> <span class='ocrx_word' id='word_1_118' title='bbox 1155 1230 1404 1292; x_wconf 79' lang='lat' dir='ltr'>simplices</span> <span class='ocrx_word' id='word_1_119' title='bbox 1429 1245 1441 1285; x_wconf 91' lang='lat'>;</span> <span class='ocrx_word' id='word_1_120' title='bbox 1481 1246 1545 1277; x_wconf 89' lang='lat' dir='ltr'>ex</span> <span class='ocrx_word' id='word_1_121' title='bbox 1565 1229 1642 1276; x_wconf 86' lang='lat' dir='ltr'>his</span> <span class='ocrx_word' id='word_1_122' title='bbox 1664 1237 1838 1277; x_wconf 89' lang='lat' dir='ltr'>autem</span> 
     </span>
     <span class='ocr_line' id='line_1_16' title="bbox 337 1296 1840 1360; baseline 0.001 -18"><span class='ocrx_word' id='word_1_123' title='bbox 337 1300 505 1343; x_wconf 88' lang='lat' dir='ltr'>variae</span> <span class='ocrx_word' id='word_1_124' title='bbox 537 1304 679 1343; x_wconf 88' lang='lat' dir='ltr'>ortae</span> <span class='ocrx_word' id='word_1_125' title='bbox 711 1304 830 1343; x_wconf 90' lang='lat' dir='ltr'>sunt</span> <span class='ocrx_word' id='word_1_126' title='bbox 862 1304 915 1343; x_wconf 90' lang='lat' dir='ltr'>et</span> <span class='ocrx_word' id='word_1_127' title='bbox 946 1301 1088 1360; x_wconf 88' lang='lat' dir='ltr'>quasi</span> <span class='ocrx_word' id='word_1_128' title='bbox 1118 1296 1470 1343; x_wconf 86' lang='lat' dir='ltr'>multiformes.</span> <span class='ocrx_word' id='word_1_129' title='bbox 1537 1297 1722 1360; x_wconf 87' lang='lat' dir='ltr'>Itaque</span> <span class='ocrx_word' id='word_1_130' title='bbox 1753 1313 1840 1344; x_wconf 87' lang='lat' dir='ltr'>aer</span> 
     </span>
     <span class='ocr_line' id='line_1_17' title="bbox 337 1363 1839 1428; baseline 0.001 -19"><span class='ocrx_word' id='word_1_131' title='bbox 337 1363 452 1426; x_wconf 91' lang='lat' dir='ltr'>(hoc</span> <span class='ocrx_word' id='word_1_132' title='bbox 495 1380 698 1427; x_wconf 93' lang='lat' dir='ltr'>quoque</span> <span class='ocrx_word' id='word_1_133' title='bbox 741 1367 931 1411; x_wconf 88' lang='lat' dir='ltr'>utimur</span> <span class='ocrx_word' id='word_1_134' title='bbox 971 1368 1092 1410; x_wconf 82' lang='lat' dir='ltr'>iam²</span> <span class='ocrx_word' id='word_1_135' title='bbox 1135 1381 1225 1426; x_wconf 92' lang='lat' dir='ltr'>pro</span> <span class='ocrx_word' id='word_1_136' title='bbox 1270 1364 1474 1427; x_wconf 88' lang='lat' dir='ltr'>Latino)</span> <span class='ocrx_word' id='word_1_137' title='bbox 1519 1371 1573 1411; x_wconf 92' lang='lat' dir='ltr'>et</span> <span class='ocrx_word' id='word_1_138' title='bbox 1612 1367 1742 1428; x_wconf 85' lang='lat' dir='ltr'>ignis</span> <span class='ocrx_word' id='word_1_139' title='bbox 1785 1371 1839 1411; x_wconf 88' lang='lat' dir='ltr'>et</span> 
     </span>
     <span class='ocr_line' id='line_1_18' title="bbox 338 1431 1838 1494; baseline 0 -17"><span class='ocrx_word' id='word_1_140' title='bbox 338 1447 470 1494; x_wconf 88' lang='lat' dir='ltr'>aqua</span> <span class='ocrx_word' id='word_1_141' title='bbox 489 1438 542 1477; x_wconf 90' lang='lat' dir='ltr'>et</span> <span class='ocrx_word' id='word_1_142' title='bbox 559 1438 697 1477; x_wconf 86' lang='lat' dir='ltr'>terra</span> <span class='ocrx_word' id='word_1_143' title='bbox 713 1435 876 1493; x_wconf 89' lang='lat' dir='ltr'>prima</span> <span class='ocrx_word' id='word_1_144' title='bbox 894 1438 1012 1478; x_wconf 91' lang='lat' dir='ltr'>sunt</span> <span class='ocrx_word' id='word_1_145' title='bbox 1036 1447 1047 1486; x_wconf 90' lang='grc'>;</span> <span class='ocrx_word' id='word_1_146' title='bbox 1085 1448 1147 1477; x_wconf 83' lang='lat' dir='ltr'>ex</span> <span class='ocrx_word' id='word_1_147' title='bbox 1165 1431 1241 1477; x_wconf 88' lang='lat' dir='ltr'>his</span> <span class='ocrx_word' id='word_1_148' title='bbox 1260 1438 1434 1478; x_wconf 87' lang='lat' dir='ltr'>autem</span> <span class='ocrx_word' id='word_1_149' title='bbox 1452 1438 1595 1478; x_wconf 88' lang='lat' dir='ltr'>ortae</span> <span class='ocrx_word' id='word_1_150' title='bbox 1614 1435 1838 1478; x_wconf 89' lang='lat' dir='ltr'>animan-</span> 
     </span>
     <span class='ocr_line' id='line_1_19' title="bbox 337 1497 1834 1562; baseline 0.001 -18"><span class='ocrx_word' id='word_1_151' title='bbox 337 1501 465 1544; x_wconf 85' lang='lat' dir='ltr'>tium</span> <span class='ocrx_word' id='word_1_152' title='bbox 485 1497 678 1545; x_wconf 91' lang='lat' dir='ltr'>formae</span> <span class='ocrx_word' id='word_1_153' title='bbox 701 1515 976 1561; x_wconf 86' lang='lat' dir='ltr'>earumque</span> <span class='ocrx_word' id='word_1_154' title='bbox 996 1515 1165 1545; x_wconf 89' lang='lat' dir='ltr'>rerum</span> <span class='ocrx_word' id='word_1_155' title='bbox 1185 1515 1316 1561; x_wconf 91' lang='lat' dir='ltr'>quae</span> <span class='ocrx_word' id='word_1_156' title='bbox 1336 1502 1616 1562; x_wconf 83' lang='lat' dir='ltr'>gignuntur</span> <span class='ocrx_word' id='word_1_157' title='bbox 1636 1514 1664 1545; x_wconf 92' lang='lat' dir='ltr'>e</span> <span class='ocrx_word' id='word_1_158' title='bbox 1683 1505 1834 1545; x_wconf 88' lang='lat' dir='ltr'>terra.</span> 
     </span>
     <span class='ocr_line' id='line_1_20' title="bbox 337 1565 1838 1629; baseline 0.001 -19"><span class='ocrx_word' id='word_1_159' title='bbox 337 1566 472 1628; x_wconf 84' lang='lat' dir='ltr'>Ergo</span> <span class='ocrx_word' id='word_1_160' title='bbox 514 1566 599 1611; x_wconf 90' lang='lat' dir='ltr'>illa</span> <span class='ocrx_word' id='word_1_161' title='bbox 634 1569 779 1613; x_wconf 89' lang='lat' dir='ltr'>initia</span> <span class='ocrx_word' id='word_1_162' title='bbox 815 1573 868 1612; x_wconf 93' lang='lat' dir='ltr'>et</span> <span class='ocrx_word' id='word_1_163' title='bbox 910 1566 989 1629; x_wconf 85' lang='lat' dir='ltr'>(ut</span> <span class='ocrx_word' id='word_1_164' title='bbox 1026 1582 1054 1613; x_wconf 92' lang='lat' dir='ltr'>e</span> <span class='ocrx_word' id='word_1_165' title='bbox 1091 1566 1285 1612; x_wconf 88' lang='lat' dir='ltr'>Graeco</span> <span class='ocrx_word' id='word_1_166' title='bbox 1321 1565 1538 1629; x_wconf 90' lang='lat' dir='ltr'>vertam)</span> <span class='ocrx_word' id='word_1_167' title='bbox 1582 1565 1838 1612; x_wconf 88' lang='lat' dir='ltr'>elementa</span> 
     </span>
     <span class='ocr_line' id='line_1_21' title="bbox 338 1632 1838 1696; baseline 0.001 -18"><span class='ocrx_word' id='word_1_168' title='bbox 338 1633 574 1679; x_wconf 90' lang='lat' dir='ltr'>dicuntur</span> <span class='ocrx_word' id='word_1_169' title='bbox 597 1646 609 1688; x_wconf 89' lang='lat'>;</span> <span class='ocrx_word' id='word_1_170' title='bbox 654 1649 681 1679; x_wconf 92' lang='lat' dir='ltr'>e</span> <span class='ocrx_word' id='word_1_171' title='bbox 707 1634 888 1696; x_wconf 89' lang='lat' dir='ltr'>quibus</span> <span class='ocrx_word' id='word_1_172' title='bbox 915 1649 1001 1679; x_wconf 87' lang='lat' dir='ltr'>aer</span> <span class='ocrx_word' id='word_1_173' title='bbox 1027 1640 1080 1680; x_wconf 91' lang='lat' dir='ltr'>et</span> <span class='ocrx_word' id='word_1_174' title='bbox 1104 1636 1233 1696; x_wconf 84' lang='lat' dir='ltr'>ignis</span> <span class='ocrx_word' id='word_1_175' title='bbox 1258 1633 1495 1680; x_wconf 90' lang='lat' dir='ltr'>movendi</span> <span class='ocrx_word' id='word_1_176' title='bbox 1519 1636 1620 1679; x_wconf 91' lang='lat' dir='ltr'>vim</span> <span class='ocrx_word' id='word_1_177' title='bbox 1643 1632 1838 1680; x_wconf 88' lang='lat' dir='ltr'>habent</span> 
     </span>
     <span class='ocr_line' id='line_1_22' title="bbox 337 1700 1835 1763; baseline 0 -17"><span class='ocrx_word' id='word_1_178' title='bbox 337 1707 390 1746; x_wconf 89' lang='lat' dir='ltr'>et</span> <span class='ocrx_word' id='word_1_179' title='bbox 437 1701 701 1755; x_wconf 88' lang='lat' dir='ltr'>efficiendi,</span> <span class='ocrx_word' id='word_1_180' title='bbox 748 1700 994 1763; x_wconf 79' lang='lat' dir='ltr'>reliquae³</span> <span class='ocrx_word' id='word_1_181' title='bbox 1047 1707 1219 1763; x_wconf 88' lang='lat' dir='ltr'>partes</span> <span class='ocrx_word' id='word_1_182' title='bbox 1271 1700 1548 1762; x_wconf 75' lang='lat' dir='ltr'>accipiendi</span> <span class='ocrx_word' id='word_1_183' title='bbox 1599 1706 1653 1747; x_wconf 89' lang='lat' dir='ltr'>et</span> <span class='ocrx_word' id='word_1_184' title='bbox 1693 1703 1835 1763; x_wconf 90' lang='lat' dir='ltr'>quasi</span> 
     </span>
     <span class='ocr_line' id='line_1_23' title="bbox 337 1767 1836 1831; baseline 0.001 -18"><span class='ocrx_word' id='word_1_185' title='bbox 337 1768 583 1829; x_wconf 86' lang='lat' dir='ltr'>patiendi,</span> <span class='ocrx_word' id='word_1_186' title='bbox 596 1784 781 1830; x_wconf 89' lang='lat' dir='ltr'>aquam</span> <span class='ocrx_word' id='word_1_187' title='bbox 797 1768 907 1814; x_wconf 89' lang='lat' dir='ltr'>dico</span> <span class='ocrx_word' id='word_1_188' title='bbox 926 1775 979 1814; x_wconf 91' lang='lat' dir='ltr'>et</span> <span class='ocrx_word' id='word_1_189' title='bbox 994 1775 1199 1814; x_wconf 87' lang='lat' dir='ltr'>terram.</span> <span class='ocrx_word' id='word_1_190' title='bbox 1237 1767 1485 1826; x_wconf 80' lang='lat' dir='ltr'>Quintum</span> <span class='ocrx_word' id='word_1_191' title='bbox 1501 1783 1680 1831; x_wconf 90' lang='lat' dir='ltr'>genuS,</span> <span class='ocrx_word' id='word_1_192' title='bbox 1692 1783 1720 1814; x_wconf 90' lang='lat' dir='ltr'>e</span> <span class='ocrx_word' id='word_1_193' title='bbox 1736 1784 1836 1830; x_wconf 94' lang='lat' dir='ltr'>quo</span> 
     </span>
     <span class='ocr_line' id='line_1_24' title="bbox 337 1835 1837 1898; baseline 0 -18"><span class='ocrx_word' id='word_1_194' title='bbox 337 1841 508 1881; x_wconf 87' lang='lat' dir='ltr'>essent</span> <span class='ocrx_word' id='word_1_195' title='bbox 528 1841 664 1881; x_wconf 89' lang='lat' dir='ltr'>astra</span> <span class='ocrx_word' id='word_1_196' title='bbox 685 1842 1007 1898; x_wconf 88' lang='lat' dir='ltr'>mentesque,</span> <span class='ocrx_word' id='word_1_197' title='bbox 1024 1835 1277 1898; x_wconf 86' lang='lat' dir='ltr'>singulare</span> <span class='ocrx_word' id='word_1_198' title='bbox 1298 1851 1575 1898; x_wconf 89' lang='lat' dir='ltr'>eorumque</span> <span class='ocrx_word' id='word_1_199' title='bbox 1594 1841 1837 1898; x_wconf 87' lang='lat' dir='ltr'>quattuor</span> 
     </span>
     <span class='ocr_line' id='line_1_25' title="bbox 339 1902 1835 1966; baseline 0.001 -19"><span class='ocrx_word' id='word_1_200' title='bbox 339 1918 470 1964; x_wconf 88' lang='lat' dir='ltr'>quae</span> <span class='ocrx_word' id='word_1_201' title='bbox 505 1918 656 1964; x_wconf 83' lang='lat' dir='ltr'>supra</span> <span class='ocrx_word' id='word_1_202' title='bbox 685 1902 789 1949; x_wconf 85' lang='lat' dir='ltr'>dixi</span> <span class='ocrx_word' id='word_1_203' title='bbox 824 1902 1062 1949; x_wconf 89' lang='lat' dir='ltr'>dissimile</span> <span class='ocrx_word' id='word_1_204' title='bbox 1097 1902 1400 1949; x_wconf 85' lang='lat' dir='ltr'>Aristoteles</span> <span class='ocrx_word' id='word_1_205' title='bbox 1435 1902 1691 1966; x_wconf 88' lang='lat' dir='ltr'>quoddam</span> <span class='ocrx_word' id='word_1_206' title='bbox 1726 1917 1835 1948; x_wconf 88' lang='lat' dir='ltr'>esse</span> 
     </span>
    </p>
   </div>
   <div class='ocr_carea' id='block_1_3' title="bbox 449 2029 1717 2136">
    <p class='ocr_par' dir='ltr' id='par_1_3' title="bbox 449 2029 1717 2136">
     <span class='ocr_line' id='line_1_26' title="bbox 527 2029 1696 2082; baseline -0.001 -12"><span class='ocrx_word' id='word_1_207' title='bbox 527 2030 543 2054; x_wconf 82' lang='lat'>¹</span> <span class='ocrx_word' id='word_1_208' title='bbox 572 2033 623 2070; x_wconf 92' lang='lat' dir='ltr'>ut</span> <span class='ocrx_word' id='word_1_209' title='bbox 641 2029 825 2070; x_wconf 86' lang='lat' dir='ltr'>effecisti</span> <span class='ocrx_word' id='word_1_210' title='bbox 843 2031 966 2070; x_wconf 86' lang='lat' dir='ltr'>codd.</span> <span class='ocrx_word' id='word_1_211' title='bbox 979 2030 1079 2082; x_wconf 82' lang='lat' dir='ltr'>sere</span> <span class='ocrx_word' id='word_1_212' title='bbox 1099 2043 1244 2071; x_wconf 69' lang='lat' dir='ltr'>omnes</span> <span class='ocrx_word' id='word_1_213' title='bbox 1262 2045 1273 2071; x_wconf 76' lang='grc' dir='ltr'><em>τ</em></span> <span class='ocrx_word' id='word_1_214' title='bbox 1304 2031 1369 2070; x_wconf 90' lang='lat' dir='ltr'>uti</span> <span class='ocrx_word' id='word_1_215' title='bbox 1388 2030 1530 2070; x_wconf 84' lang='lat' dir='ltr'>fecisti</span> <span class='ocrx_word' id='word_1_216' title='bbox 1551 2029 1696 2070; x_wconf 81' lang='lat' dir='ltr'>Klotz.</span> 
     </span>
     <span class='ocr_line' id='line_1_27' title="bbox 449 2083 1717 2136; baseline 0.001 -13"><span class='ocrx_word' id='word_1_217' title='bbox 449 2084 466 2109; x_wconf 79' lang='lat'><em>²</em></span> <span class='ocrx_word' id='word_1_218' title='bbox 497 2083 662 2125; x_wconf 81' lang='lat' dir='ltr'>Halm:</span> <span class='ocrx_word' id='word_1_219' title='bbox 694 2086 812 2124; x_wconf 90' lang='lat' dir='ltr'>enim</span> <span class='ocrx_word' id='word_1_220' title='bbox 834 2085 957 2124; x_wconf 82' lang='lat' dir='ltr'>codd.</span> <span class='ocrx_word' id='word_1_221' title='bbox 1328 2084 1345 2110; x_wconf 81' lang='lat'>³</span> <span class='ocrx_word' id='word_1_222' title='bbox 1375 2083 1547 2136; x_wconf 87' lang='lat' dir='ltr'>reliqua</span> <span class='ocrx_word' id='word_1_223' title='bbox 1565 2083 1717 2124; x_wconf 82' lang='lat' dir='ltr'>Halm.</span> 
     </span>
    </p>
   </div>
   <div class='ocr_carea' id='block_1_4' title="bbox 333 2250 1832 2626">
    <p class='ocr_par' dir='ltr' id='par_1_4' title="bbox 333 2250 1832 2357">
     <span class='ocr_line' id='line_1_28' title="bbox 395 2250 1832 2304; baseline 0 -13"><span class='ocrx_word' id='word_1_224' title='bbox 395 2257 413 2276; x_wconf 79' lang='lat'>‘²</span> <span class='ocrx_word' id='word_1_225' title='bbox 444 2252 529 2298; x_wconf 74' lang='lat' dir='ltr'>i.e.‚</span> <span class='ocrx_word' id='word_1_226' title='bbox 565 2252 574 2267; x_wconf 96' lang='lat'>‘</span> <span class='ocrx_word' id='word_1_227' title='bbox 595 2251 805 2303; x_wconf 78' lang='lat' dir='ltr'>qualified</span> <span class='ocrx_word' id='word_1_228' title='bbox 840 2251 1036 2304; x_wconf 84' lang='lat' dir='ltr'>objects,&#39;</span> <span class='ocrx_word' id='word_1_229' title='bbox 1073 2251 1233 2292; x_wconf 85' lang='lat' dir='ltr'>classes</span> <span class='ocrx_word' id='word_1_230' title='bbox 1267 2251 1317 2291; x_wconf 87' lang='lat' dir='ltr'>of</span> <span class='ocrx_word' id='word_1_231' title='bbox 1344 2251 1509 2304; x_wconf 84' lang='lat' dir='ltr'>things,</span> <span class='ocrx_word' id='word_1_232' title='bbox 1538 2251 1734 2292; x_wconf 85' lang='lat' dir='ltr'>abstract</span> <span class='ocrx_word' id='word_1_233' title='bbox 1763 2250 1832 2292; x_wconf 89' lang='lat' dir='ltr'>for</span> 
     </span>
     <span class='ocr_line' id='line_1_29' title="bbox 333 2305 1453 2357; baseline 0 -11"><span class='ocrx_word' id='word_1_234' title='bbox 333 2310 549 2352; x_wconf 72' lang='lat' dir='ltr'>concrete,</span> <span class='ocrx_word' id='word_1_235' title='bbox 570 2306 626 2357; x_wconf 88' lang='lat' dir='ltr'>cf.</span> <span class='ocrx_word' id='word_1_236' title='bbox 650 2310 669 2353; x_wconf 67' lang='grc' dir='ltr'>ἓ</span> <span class='ocrx_word' id='word_1_237' title='bbox 689 2310 760 2346; x_wconf 69' lang='lat'>24.</span> <span class='ocrx_word' id='word_1_238' title='bbox 1181 2305 1197 2330; x_wconf 57' lang='grc' dir='ltr'><strong>ὁ</strong></span> <span class='ocrx_word' id='word_1_239' title='bbox 1230 2308 1453 2353; x_wconf 75' lang='grc' dir='ltr'>πολυειδὴς.</span> 
     </span>
    </p>

    <p class='ocr_par' dir='ltr' id='par_1_5' title="bbox 398 2357 1784 2412">
     <span class='ocr_line' id='line_1_30' title="bbox 398 2357 1784 2412; baseline 0 -13"><span class='ocrx_word' id='word_1_240' title='bbox 398 2365 412 2384; x_wconf 80' lang='lat'><em>⁰</em></span> <span class='ocrx_word' id='word_1_241' title='bbox 443 2360 483 2399; x_wconf 89' lang='lat' dir='ltr'>A</span> <span class='ocrx_word' id='word_1_242' title='bbox 508 2359 651 2400; x_wconf 83' lang='lat' dir='ltr'>literal</span> <span class='ocrx_word' id='word_1_243' title='bbox 675 2358 936 2400; x_wconf 82' lang='lat' dir='ltr'>translation</span> <span class='ocrx_word' id='word_1_244' title='bbox 962 2359 1010 2400; x_wconf 89' lang='lat' dir='ltr'>of</span> <span class='ocrx_word' id='word_1_245' title='bbox 1033 2359 1271 2410; x_wconf 65' lang='lat' dir='ltr'>‹pvrd—-the</span> <span class='ocrx_word' id='word_1_246' title='bbox 1294 2357 1525 2411; x_wconf 85' lang='lat' dir='ltr'>vegetable</span> <span class='ocrx_word' id='word_1_247' title='bbox 1551 2357 1784 2412; x_wconf 87' lang='lat' dir='ltr'>kingdom.</span> 
     </span>
    </p>

    <p class='ocr_par' dir='ltr' id='par_1_6' title="bbox 394 2413 1418 2463">
     <span class='ocr_line' id='line_1_31' title="bbox 394 2413 1418 2463; baseline 0.002 -11"><span class='ocrx_word' id='word_1_248' title='bbox 394 2413 414 2437; x_wconf 60' lang='grc' dir='ltr'><em>ἆ</em></span> <span class='ocrx_word' id='word_1_249' title='bbox 447 2416 581 2463; x_wconf 85' lang='grc' dir='ltr'>ἀρχαί.</span> <span class='ocrx_word' id='word_1_250' title='bbox 1174 2418 1189 2437; x_wconf 72' lang='lat'><strong><em>⁶</em></strong></span> <span class='ocrx_word' id='word_1_251' title='bbox 1221 2417 1418 2462; x_wconf 86' lang='grc' dir='ltr'>στοιχεῖα.</span> 
     </span>
    </p>

    <p class='ocr_par' dir='ltr' id='par_1_7' title="bbox 335 2464 1831 2626">
     <span class='ocr_line' id='line_1_32' title="bbox 387 2464 1831 2518; baseline -0.001 -11"><span class='ocrx_word' id='word_1_252' title='bbox 387 2466 406 2495; x_wconf 72' lang='lat'><strong><em>¹</em></strong></span> <span class='ocrx_word' id='word_1_253' title='bbox 433 2466 608 2507; x_wconf 89' lang='lat' dir='ltr'>Halm&#39;s</span> <span class='ocrx_word' id='word_1_254' title='bbox 635 2466 919 2507; x_wconf 89' lang='lat' dir='ltr'>emendation</span> <span class='ocrx_word' id='word_1_255' title='bbox 943 2468 1066 2518; x_wconf 87' lang='lat' dir='ltr'>gives</span> <span class='ocrx_word' id='word_1_256' title='bbox 1095 2466 1104 2481; x_wconf 91' lang='lat'>‘</span> <span class='ocrx_word' id='word_1_257' title='bbox 1121 2466 1210 2506; x_wconf 91' lang='lat' dir='ltr'>and</span> <span class='ocrx_word' id='word_1_258' title='bbox 1240 2466 1314 2507; x_wconf 91' lang='lat' dir='ltr'>the</span> <span class='ocrx_word' id='word_1_259' title='bbox 1341 2468 1592 2518; x_wconf 87' lang='lat' dir='ltr'>remaining</span> <span class='ocrx_word' id='word_1_260' title='bbox 1618 2464 1831 2506; x_wconf 87' lang='lat' dir='ltr'>elements</span> 
     </span>
     <span class='ocr_line' id='line_1_33' title="bbox 335 2519 1830 2573; baseline -0.001 -10"><span class='ocrx_word' id='word_1_261' title='bbox 335 2549 349 2564; x_wconf 89' lang='grc'><strong>.</strong></span> <span class='ocrx_word' id='word_1_262' title='bbox 383 2552 393 2562; x_wconf 91' lang='grc'><strong>.</strong></span> <span class='ocrx_word' id='word_1_263' title='bbox 426 2551 436 2561; x_wconf 94' lang='grc'><strong>.</strong></span> <span class='ocrx_word' id='word_1_264' title='bbox 467 2521 542 2561; x_wconf 88' lang='lat' dir='ltr'>the</span> <span class='ocrx_word' id='word_1_265' title='bbox 574 2523 791 2572; x_wconf 87' lang='lat' dir='ltr'>receptive</span> <span class='ocrx_word' id='word_1_266' title='bbox 825 2520 913 2560; x_wconf 91' lang='lat' dir='ltr'>and</span> <span class='ocrx_word' id='word_1_267' title='bbox 947 2522 1120 2571; x_wconf 83' lang='lat' dir='ltr'>passive</span> <span class='ocrx_word' id='word_1_268' title='bbox 1151 2519 1270 2561; x_wconf 80' lang='lat' dir='ltr'>role.&#39;</span> <span class='ocrx_word' id='word_1_269' title='bbox 1332 2521 1421 2561; x_wconf 85' lang='lat' dir='ltr'>But</span> <span class='ocrx_word' id='word_1_270' title='bbox 1460 2520 1518 2573; x_wconf 87' lang='lat' dir='ltr'>cf.</span> <span class='ocrx_word' id='word_1_271' title='bbox 1556 2519 1681 2562; x_wconf 65' lang='lat' dir='ltr'>Tuae.</span> <span class='ocrx_word' id='word_1_272' title='bbox 1713 2521 1741 2561; x_wconf 89' lang='lat' dir='ltr'>i.</span> <span class='ocrx_word' id='word_1_273' title='bbox 1773 2523 1830 2561; x_wconf 79' lang='lat'>40</span> 
     </span>
     <span class='ocr_line' id='line_1_34' title="bbox 336 2573 1424 2626; baseline 0.001 -12"><span class='ocrx_word' id='word_1_274' title='bbox 336 2574 526 2615; x_wconf 85' lang='lat' dir='ltr'>‘terram</span> <span class='ocrx_word' id='word_1_275' title='bbox 547 2579 591 2615; x_wconf 83' lang='lat' dir='ltr'>et</span> <span class='ocrx_word' id='word_1_276' title='bbox 612 2588 732 2615; x_wconf 90' lang='lat' dir='ltr'>mare</span> <span class='ocrx_word' id='word_1_277' title='bbox 763 2605 774 2616; x_wconf 90' lang='lat'>.</span> <span class='ocrx_word' id='word_1_278' title='bbox 805 2604 817 2616; x_wconf 92' lang='lat'>.</span> <span class='ocrx_word' id='word_1_279' title='bbox 848 2604 860 2616; x_wconf 93' lang='lat'>.</span> <span class='ocrx_word' id='word_1_280' title='bbox 892 2573 1087 2626; x_wconf 84' lang='lat' dir='ltr'>reliquae</span> <span class='ocrx_word' id='word_1_281' title='bbox 1108 2573 1223 2615; x_wconf 85' lang='lat' dir='ltr'>duae</span> <span class='ocrx_word' id='word_1_282' title='bbox 1243 2574 1424 2626; x_wconf 87' lang='lat' dir='ltr'>partes.&#39;</span> 
     </span>
    </p>
   </div>
   <div class='ocr_carea' id='block_1_5' title="bbox 341 2637 438 2685">
    <p class='ocr_par' dir='ltr' id='par_1_8' title="bbox 341 2637 438 2685">
     <span class='ocr_line' id='line_1_35' title="bbox 341 2637 438 2685; baseline 0.01 -1"><span class='ocrx_word' id='word_1_283' title='bbox 341 2637 438 2685; x_wconf 78' lang='lat'>436</span> 
     </span>
    </p>
   </div>
  </div>
 </body>
</html>
