1919 3006
942 208 1193 257 CICERO

321 356 506 403 ponem
542 339 822 386 Diodorum
858 337 1148 394 Alexinum,
1184 355 1397 402 quorum
1432 344 1550 385 sunt
1585 343 1813 385 contorta

322 431 375 470 et
393 423 625 470 aculeata
641 423 894 486 quaedam
911 422 1221 485 sophismata
1238 422 1327 486 (sic
1345 425 1479 469 enim
1498 421 1815 485 appellantur

321 506 523 553 fallaces
548 506 1002 568 conclusiunculae)
1027 522 1038 562 3
1081 507 1172 554 sed
1195 506 1317 570 quid
1340 522 1425 553 eos
1449 505 1679 570 colligam
1702 522 1817 552 cum

322 590 539 638 habeam
580 591 936 655 Chrysippum,
977 595 1063 655 qui
1102 590 1278 638 fulcire
1317 598 1529 654 putatur
1567 594 1816 654 porticum

323 676 645 723 Stoicorum?
714 677 882 735 Quam
915 676 1079 723 multa
1111 676 1194 724 ille
1229 684 1406 724 eontra
1439 693 1632 732 sensus,
1666 692 1819 739 quam

321 760 484 807 multa
505 768 681 807 contra
703 764 871 807 omnia
893 777 1023 824 quae
1044 763 1097 807 in
1118 761 1485 808 consuetudine
1507 761 1786 823 probantur
1807 759 1818 806 l

323 846 396 892 At
429 844 655 892 dissolvit
686 845 837 892 idem.
910 844 1039 891 Mihi
1074 845 1280 908 quidem
1313 862 1414 892 non
1446 845 1681 900 videtur3
1731 843 1821 891 sed

322 929 604 977 dissolverit
651 946 772 977 sane
796 946 807 976 ι
861 937 1000 977 certe
1042 937 1150 976 tam
1190 930 1355 977 multa
1395 947 1496 976 non
1536 928 1822 993 collegisset

323 1032 454 1078 quae
487 1032 578 1063 nos
613 1014 849 1062 fallerent
882 1015 1243 1079 probabilitate
1277 1031 1465 1079 magna
1497 1017 1591 1062 nisi
1624 1014 1822 1061 videret

244 1106 298 1146 76
322 1103 379 1146 iis
425 1103 591 1147 resisti
637 1117 739 1147 non
785 1099 930 1146 facile
977 1117 1139 1163 posse.
1218 1100 1354 1159 Quid
1400 1099 1662 1164 Cyrenaici
1709 1099 1821 1146 tibi¹

325 1186 578 1241 videntur,
604 1189 812 1232 minime
839 1189 1121 1249 contempti
1147 1185 1430 1249 philosophi
1453 1186 1472 1232 ?
1518 1188 1604 1249 qui
1629 1191 1823 1248 negant

323 1288 433 1318 esse
456 1275 727 1335 quicquam
749 1272 885 1335 quod
905 1274 1095 1335 percipi
1116 1274 1275 1335 possit
1297 1274 1610 1318 extrinsecus
1634 1287 1645 1317 z
1685 1286 1748 1317 ea
1767 1285 1822 1317 se

323 1356 427 1404 sola
443 1361 703 1420 percipere
722 1373 853 1420 quae
870 1364 1013 1404 tactu
1030 1360 1227 1404 intumo
1245 1359 1487 1413 sentiant,
1504 1364 1563 1403 ut
1580 1355 1822 1412 dolorem,

322 1449 381 1489 ut
399 1442 732 1505 voluptatem,
749 1459 917 1506 neque
938 1459 991 1489 se
1012 1460 1111 1506 quo
1135 1443 1257 1505 quid
1279 1441 1442 1489 colore
1467 1448 1556 1489 aut
1578 1458 1677 1504 quo
1701 1457 1823 1488 sono

322 1530 387 1573 sit
411 1530 534 1574 scire
559 1528 648 1574 sed
671 1535 874 1574 tantum
897 1531 1085 1574 sentire
1110 1527 1255 1575 adfici
1279 1543 1333 1574 se
1356 1527 1576 1591 quodam
1597 1526 1763 1573 modo.

388 1611 416 1628 “
441 1611 572 1659 Satis
615 1612 777 1659 multa
818 1613 882 1660 de
926 1613 1592 1675 auctoribus—quamquam
1634 1627 1698 1658 ex
1738 1626 1822 1657 me

323 1700 611 1760 quaesieras
663 1713 830 1743 nonne
881 1703 1118 1759 putarem
1168 1704 1284 1760 post
1334 1695 1442 1743 illos
1493 1702 1692 1743 veteres
1743 1702 1823 1743 tot

323 1781 532 1829 saeculis
565 1785 776 1828 inveniri
810 1798 985 1828 verum
1018 1785 1243 1844 potuisse
1276 1788 1357 1828 tot
1397 1784 1611 1845 ingeniis
1645 1784 1822 1827 tantis²

324 1867 502 1913 studiis
531 1868 909 1929 quaerentibus.
980 1866 1116 1924 Quid
1143 1869 1407 1913 inventum
1436 1869 1502 1912 sit
1527 1865 1678 1928 paulo
1705 1872 1822 1928 post

323 1951 513 2007 videro,
549 1958 603 1997 te
637 1954 746 2014 ipso
782 1951 989 2014 quidem
1023 1952 1203 1998 iudice.
1273 1949 1534 1998 Arcesilan
1568 1966 1686 1996 vero
1720 1966 1821 1996 non

324 2037 644 2083 obtrectandi
666 2053 817 2083 causa
836 2053 951 2082 cum
972 2036 1174 2082 Zenone
1194 2038 1515 2099 pugnavisse,
1536 2035 1627 2082 sed
1647 2051 1821 2081 verum

246 2127 299 2166 '77
324 2124 548 2167 invenire
570 2120 784 2168 voluisse
806 2123 875 2168 sic
895 2120 1223 2185 intellegitur.
1294 2120 1457 2167 Nemo
1479 2136 1720 2183 umquam
1741 2135 1820 2166 su-

326 2209 579 2267 periorum
595 2222 696 2252 non
710 2206 860 2253 modo
878 2212 1197 2268 expresserat
1213 2205 1304 2252 sed
1318 2220 1382 2251 ne
1399 2205 1598 2251 dixerat
1613 2204 1818 2267 quidem

327 2313 343 2337 ²
373 2312 454 2352 tibi
474 2313 661 2353 inseruit
679 2312 886 2353 Durand.
1017 2313 1032 2337 2
1060 2315 1194 2352 tantis
1224 2315 1245 2353 ?
1265 2311 1410 2353 Reid:
1450 2313 1675 2364 tantisque
1691 2311 1816 2352 codd.

383 2444 401 2462 ‘²
429 2438 523 2478 The
552 2436 661 2478 Stoa
692 2437 864 2479 Poikile
893 2441 940 2478 at
969 2438 1155 2485 Athens,
1184 2438 1259 2478 the
1290 2436 1633 2489 meeting-place
1664 2435 1717 2477 of
1739 2435 1815 2479 the

323 2492 487 2586 sclgorfll,
507 2491 654 2594 gvfflch
674 2491 783 2533 took
802 2494 858 2532 its
877 2505 1008 2532 name
1026 2493 1143 2532 from
1161 2493 1206 2532 it.

324 2609 420 2658 562
