1919 3006
951 207 1202 255 CICERO

327 341 474 394 tium,
510 339 687 401 quanti
721 336 930 383 libertas
963 342 1074 399 ipsa
1108 336 1426 383 aestimanda
1460 342 1539 383 est
1571 352 1674 383 non
1704 334 1825 383 mihi

327 429 533 461 necesse
556 428 665 459 esse
692 412 828 475 quod
852 413 946 458 tibi
972 418 1050 458 est
1070 412 1078 458 !
1149 411 1371 470 Quaero1
1391 428 1479 457 cur
1498 411 1641 467 deus,
1660 414 1828 459 omnia

328 496 501 536 nostra
537 504 689 534 causa
724 504 839 534 cum
875 486 1070 533 faceret
1106 486 1195 550 (sic
1233 490 1368 533 enim
1404 486 1594 550 vultis),
1629 493 1830 534 tantam

328 568 428 610 vim
471 566 723 610 natricum
765 566 1156 625 viperarumque
1200 560 1398 617 fecerit,
1440 578 1528 609 cur
1568 560 1830 609 mortifera

327 647 436 686 tam
459 638 624 685 multa
658 644 736 684 ac²
770 641 1052 701 perniciosa
1086 644 1223 684 terra
1256 640 1485 700 marique
1521 637 1829 700 disperserit.

329 714 544 777 Negatis
594 712 721 759 haec
771 720 880 759 tam
930 711 1088 775 polite
1139 719 1350 775 tamque
1401 711 1655 759 subtiliter
1705 712 1832 758 effici

327 791 554 852 potuisse
577 790 684 834 sine
707 787 877 834 divina
900 786 1068 850 aliqua
1089 786 1312 833 sollertia
1334 787 1494 849 (cuius
1517 786 1724 849 quidem
1745 803 1832 833 vos

326 866 653 909 maiestatem
675 861 925 908 deducitis
946 877 1107 924 usque
1130 861 1195 908 ad
1215 864 1387 923 apium
1407 859 1831 923 formicarumque

327 936 714 1001 perfectionem,
735 943 794 983 ut
815 939 972 983 etiam
991 939 1125 983 inter
1146 936 1267 983 deos
1290 936 1633 999 Myrmecides
1655 935 1833 998 aliquis

328 1016 640 1059 minutorum
678 1010 1032 1074 opusculorum
1067 1009 1340 1057 fabricator
1375 1009 1528 1057 fuisse
1553 1011 1834 1072 videatur):

228 1096 303 1135 121
331 1103 489 1152 negas
521 1090 628 1134 sine
660 1087 757 1133 deo
788 1102 935 1149 posse
968 1089 1253 1149 quicquam.
1323 1085 1456 1132 Ecce
1487 1086 1581 1132 tibi
1613 1101 1641 1132 e
1671 1093 1835 1132 trans-

330 1178 473 1209 verso
504 1160 882 1223 Lampsacenus
912 1159 1102 1216 Strato,
1131 1163 1217 1223 qui
1247 1160 1337 1207 det
1364 1163 1448 1206 isti
1477 1160 1573 1206 deo
1601 1162 1832 1206 immuni-

331 1243 498 1283 tatem
535 1238 709 1299 magni
748 1235 955 1298 quidem
995 1237 1218 1281 muneris
1259 1234 1353 1297 (et3
1392 1250 1507 1280 cum
1545 1234 1834 1281 sacerdotes

332 1311 543 1358 deorum
592 1312 912 1356 vacationem
960 1308 1206 1364 habeant,
1255 1316 1447 1372 quanto
1497 1315 1576 1355 est
1624 1311 1835 1372 aequius

330 1384 521 1431 habere
562 1386 696 1447 ipsos
737 1384 859 1430 deos
884 1383 952 1447 !);
1013 1390 1172 1447 negat
1218 1399 1373 1446 opera
1413 1383 1624 1430 deorum
1663 1398 1718 1430 se
1758 1385 1835 1430 uti

331 1459 397 1506 ad
427 1457 778 1505 fabricandum
807 1458 1069 1504 mundum.
1140 1456 1505 1520 Quaecumque
1535 1460 1653 1513 sint,
1684 1457 1836 1504 docet

331 1536 501 1580 omnia
528 1531 712 1580 effecta
739 1549 849 1579 esse
876 1540 1077 1588 natura,
1104 1548 1198 1579 nec
1225 1539 1284 1579 ut
1309 1531 1392 1578 ille
1420 1535 1506 1595 qui
1533 1538 1618 1578 ex⁴
1645 1535 1834 1596 asperis

332 1616 386 1655 et
421 1607 616 1654 levibus
655 1614 709 1654 et
744 1606 964 1654 hamatis
1001 1609 1355 1669 uncinatisque
1392 1607 1683 1669 corporibus
1718 1623 1834 1653 con-

331 1689 473 1729 creta
495 1681 623 1728 haec
648 1698 758 1728 esse
784 1682 920 1728 dicat
943 1684 1212 1728 interiecto
1237 1683 1635 1728 inani—somnia
1657 1687 1834 1728 censet

330 1756 457 1804 haec
478 1772 589 1803 esse
610 1756 910 1811 Democriti,
929 1772 1031 1802 non
1057 1756 1285 1803 docentis
1305 1755 1396 1802 sed
1415 1757 1834 1818 optantiS,—ipse

332 1839 508 1879 autem
548 1830 769 1895 singulas
808 1831 985 1878 mundi
1024 1837 1197 1894 partes
1235 1846 1547 1893 persequens
1587 1830 1834 1893 quidquid

332 1914 422 1954 aut
444 1909 509 1954 sit
532 1913 621 1953 aut
644 1906 734 1953 fiat
755 1905 1069 1953 naturalibus
1093 1905 1200 1952 fieri
1224 1912 1313 1952 aut
1334 1904 1528 1952 factum
1551 1920 1660 1952 esse
1683 1905 1834 1952 docet

331 1981 639 2044 ponderibus
658 1988 712 2028 et
729 1982 966 2028 motibus.
1037 1980 1114 2027 Ne
1132 1980 1215 2027 ille
1235 1987 1288 2027 et
1306 1980 1459 2028 deum
1477 1995 1630 2043 opere
1646 1996 1833 2044 magno

332 2056 515 2104 liberat
552 2063 606 2103 et
646 2072 729 2103 me
766 2056 982 2103 timore!
1031 2058 1142 2119 quis
1185 2057 1320 2102 enim
1360 2061 1551 2118 potest,
1591 2071 1707 2102 cum
1748 2070 1833 2102 ex·

811 2163 827 2188 ²
859 2176 1024 2215 quaero
1045 2163 1233 2203 inseruit
1253 2162 1383 2203 Reid.

854 2217 870 2241 ²
901 2230 952 2257 ac
973 2217 1162 2257 inseruit
1181 2216 1311 2256 Reid.

793 2271 811 2296 ⁸
842 2277 885 2311 et
908 2271 1092 2311 Goerens
1112 2287 1122 2311 ε
1154 2270 1230 2311 sed
1252 2270 1376 2311 codd.

872 2326 888 2349 ⁴
919 2339 971 2365 ex
991 2325 1180 2365 inseruit
1200 2324 1331 2365 Reid.

395 2455 414 2475 ⁰
443 2451 483 2490 A
505 2449 654 2490 Greek
674 2451 800 2489 artist
816 2448 993 2490 famous
1011 2449 1080 2489 for
1099 2449 1166 2489 his
1186 2450 1472 2501 microscopic
1491 2447 1652 2497 works,
1671 2448 1832 2489 doubt-

339 2504 422 2545 less
447 2505 610 2544 chosen
638 2504 740 2544 here
767 2503 955 2544 because
981 2503 1031 2544 of
1053 2503 1121 2543 his
1146 2505 1430 2556 appropriate
1456 2515 1588 2543 name
1612 2502 1681 2555 (or
1706 2502 1831 2543 nick-

339 2559 487 2610 name)
508 2557 519 2575 ‘
540 2557 631 2600 Son
654 2557 703 2598 of
718 2570 777 2597 an
799 2557 923 2598 Ant.’

337 2622 435 2669 622
