1853 3001
834 224 1086 273 CICERO

209 353 526 418 intellegere,
544 355 585 400 si
605 370 690 401 vos
707 356 803 416 ipsi
821 353 1186 418 intellegeretis
1203 356 1289 417 qui
1303 356 1402 400 ista
1417 351 1706 401 defenditis.

213 427 328 487 Quo
362 429 513 476 modo
549 432 685 475 enim
720 430 902 492 probas
937 432 1258 476 continenter
1291 431 1537 493 imagines
1569 426 1707 484 ferri,

212 510 303 550 aut
321 507 360 550 si
386 507 708 551 continenter
732 521 831 567 quo
855 504 1006 552 modo
1034 511 1273 551 aeternae
1297 504 1315 550 ?
1382 502 1394 520 ⁴
1414 503 1708 550 Innumera-

210 578 379 626 bilitas
400 578 410 594 ’
483 582 669 642 inquis1
749 579 759 595 ‘
783 580 1080 642 suppeditat
1160 577 1478 626 atomorum.’
1572 577 1707 624 Num

212 655 393 701 eadem
431 670 551 718 ergo
587 657 687 701 ista
721 652 877 701 faciet
913 661 971 701 ut
1008 658 1108 700 sint
1145 657 1314 700 omnia
1356 652 1707 716 sempiterna?

212 727 453 793 Confugis
500 729 566 776 ad
607 729 1035 793 aequilibritatem
1077 729 1166 792 (sic
1205 731 1340 775 enim
1381 726 1629 789 ἰσονομίαν
1667 729 1708 774 si

213 803 383 866 placet
404 803 739 867 appellemus)
764 811 817 850 et
840 807 911 851 ais
934 807 1172 867 quoniam
1194 807 1259 850 sit
1280 810 1463 850 natura
1482 801 1708 849 mortalis

213 878 536 925 inmortalem
556 882 711 925 etiam
730 895 839 926 esse
858 886 1107 942 oportere.
1178 879 1283 926 Isto
1301 879 1451 926 modo
1470 880 1708 941 quoniam

212 952 441 1001 homines
481 954 721 1001 mortales
762 961 882 1002 sunt
921 960 1060 1002 sunt2
1103 954 1259 1018 aliqui
1299 953 1610 1008 inmortales,
1653 958 1708 1000 et

214 1032 452 1092 quoniam
496 1036 772 1076 nascuntur
819 1032 873 1075 in
924 1036 1062 1076 terra
1110 1034 1406 1076 nascuntur³
1455 1031 1508 1075 in
1557 1043 1705 1091 aqua.

215 1102 227 1119 ‘
249 1103 319 1150 Et
369 1107 488 1166 quia
529 1111 648 1151 sunt
690 1120 821 1167 quae
861 1107 1177 1160 interimant,
1225 1109 1364 1151 sunt‘²
1413 1119 1544 1167 quae
1591 1118 1707 1149 con-

213 1177 451 1225 servent.'
519 1177 630 1225 Sint
662 1194 800 1235 sane,
831 1179 921 1225 sed
957 1183 1037 1225 ea⁵
1063 1185 1363 1225 conservent
1395 1193 1526 1241 quae
1556 1183 1707 1224 sunt:

110 1259 189 1300 110
213 1253 332 1300 deos
353 1256 475 1300 istos
502 1270 610 1300 esse
632 1271 733 1300 non
753 1257 932 1300 sentio.
1004 1253 1180 1301 Omnis
1201 1260 1377 1300 tamen
1397 1256 1497 1300 ista
1516 1256 1705 1299 rerum⁸

213 1328 402 1391 effigies
442 1344 506 1374 ex
542 1329 812 1376 individuis
852 1345 952 1392 quo
989 1329 1140 1376 modo
1178 1329 1467 1392 corporibus
1505 1327 1706 1375 oritur?

214 1419 345 1466 quae
374 1406 572 1450 etiamsi
600 1410 788 1460 essent,
815 1419 947 1467 quae
973 1403 1112 1450 nulla
1137 1410 1272 1460 sunt,
1298 1402 1490 1466 pellere
1516 1418 1571 1450 se
1596 1405 1707 1465 ipsa

215 1485 269 1524 et
290 1481 489 1541 agitari⁷
511 1482 646 1525 inter
671 1495 724 1525 se
746 1495 988 1526 concursu
1009 1477 1222 1526 fortasse
1242 1484 1468 1542 possent,
1487 1476 1706 1525 formare

214 1553 431 1616 figurare
457 1553 678 1600 colorare
706 1557 929 1600 animare
956 1571 1057 1601 non
1083 1561 1306 1616 possent.
1375 1552 1524 1601 Nullo
1549 1555 1707 1617 igitur

212 1629 364 1675 modo
385 1628 708 1675 inmortalem
731 1630 884 1676 deum
907 1629 1116 1676 efficitis.

277 1703 386 1750 XL.
425 1703 453 1720 “
471 1703 745 1751 Videamus
761 1721 894 1751 nunc
914 1705 977 1752 de
996 1705 1165 1751 beato.
1227 1702 1344 1750 Sine
1364 1705 1552 1750 virtute
1567 1709 1706 1750 certe

220 1778 356 1826 nullo
372 1780 522 1826 modo
542 1795 553 1835 3
587 1783 743 1827 virtus
761 1787 934 1826 autem
951 1787 1174 1836 actuosa,
1191 1786 1245 1826 et
1260 1779 1385 1826 deus
1400 1785 1569 1826 vester
1583 1777 1706 1825 nihil

216 1869 371 1917 agens
395 1869 407 1910 3
447 1870 627 1917 expers
648 1857 847 1901 virtutis
872 1857 1028 1918 igitur
1051 1870 1062 1910 ;
1099 1857 1174 1900 ita
1192 1869 1256 1900 ne
1281 1854 1463 1900 beatus
1483 1853 1704 1917 quidem.

112 1933 188 1973 111
216 1927 361 1986 Quae
417 1945 537 1992 ergo
592 1929 737 1975 vita?
823 1928 833 1945 ‘
857 1928 1213 1992 Suppeditatio
1236 1927 1247 1944 '
1301 1931 1467 1992 inquis
1519 1927 1530 1944 ‘
1553 1928 1707 1975 bono-

213 2020 326 2050 rum
367 2003 503 2051 nullo
544 2003 791 2051 malorum
828 2002 1156 2050 interventu.'
1225 2002 1452 2062 Quorum
1494 2003 1705 2050 tandem

217 2077 464 2125 bonorum
487 2079 505 2125 ?
572 2078 908 2141 Voluptatum
963 2079 1113 2126 credo
1168 2094 1353 2141 nempe
1409 2078 1474 2125 ad
1527 2093 1706 2140 corpus

215 2156 618 2216 pertinentium:
669 2153 856 2200 nullam
893 2155 1028 2200 enim
1060 2155 1267 2200 novistis
1299 2155 1393 2200 nisi
1423 2150 1704 2215 profectam

302 2281 321 2307 ²
349 2282 494 2334 inquis
516 2282 618 2322 dett.
639 2298 649 2322 ε
681 2283 826 2334 inquit
845 2282 904 2329 Α,
926 2281 980 2322 Β.
1224 2281 1241 2305 ²
1269 2284 1373 2321 sunt
1392 2280 1457 2322 ed.
1476 2297 1488 2322 ε
1519 2282 1620 2325 sint.

333 2389 350 2413 ⁴
476 2337 491 2360 3
524 2340 763 2398 nascuntur
779 2348 851 2387 pr.
875 2335 928 2384 B,
951 2336 1053 2376 dett.
1073 2351 1085 2377 ε
1117 2338 1354 2414 nascantur
1375 2335 1433 2375 A.

359 2442 986 2484 mmdm
1169 2389 1590 2495 &magde

284 2641 313 2691 6
391 2585 411 2604 ⁰
440 2579 635 2632 Perhaps
656 2579 810 2620 Cicero
828 2582 963 2620 wrote
984 2583 996 2600 ⁶
1010 2580 1201 2631 pictures
1221 2576 1272 2619 of
1286 2577 1361 2620 the
1379 2577 1524 2632 gods-⁹

220 2648 280 2691 10
