1919 3006
226 577 278 616 22

948 218 1201 267 CICERO

322 356 496 396 cetera
517 356 691 395 autem
712 351 970 411 pertinere
993 348 1057 396 ad
1076 348 1128 396 id
1148 355 1336 411 putant
1357 354 1447 395 aut
1467 347 1823 412 adaugendum

323 429 413 470 aut
455 423 743 478 tuendum,¹
782 429 841 469 ut
878 423 1096 477 divitias,
1134 429 1193 469 ut
1230 438 1369 485 opeS,
1407 428 1466 469 ut
1501 422 1731 486 gloriam,
1767 428 1825 469 ut

321 499 554 558 gratiam.
609 495 689 542 Ita
707 499 966 557 tripartita
985 496 1047 541 ab
1065 499 1123 541 iis
1141 495 1397 542 inducitur
1413 498 1544 542 ratio
1560 496 1824 542 bonorum.

386 567 473 615 VI.
511 567 539 584 “
565 569 740 631 Atque
761 567 888 615 haec
908 567 993 614 illa
1014 575 1134 615 sunt
1154 571 1253 615 tria
1273 584 1465 631 genera
1485 584 1618 631 quae
1638 574 1826 630 putant

322 641 552 705 plerique
581 641 949 704 Peripateticos
979 642 1162 688 dicere.
1228 641 1289 688 Id
1317 642 1525 704 quidem
1553 658 1655 688 non
1681 640 1826 696 falso,

323 721 401 761 est
438 717 573 761 enim
607 713 734 761 haec
768 718 976 776 partitio
1012 714 1245 770 illorum,
1298 713 1422 761 illud
1456 713 1825 776 imprudenter,

321 791 361 833 si
388 787 507 834 alios
536 803 645 834 esse
666 788 998 834 Academicos
1025 791 1110 851 qui
1135 793 1267 834 tum²
1290 787 1685 850 appellarentur,
1703 786 1823 834 alios

324 860 692 924 Peripateticos
728 862 1053 908 arbitrantur.
1123 861 1414 908 Communis
1447 861 1574 908 haec
1606 865 1736 909 ratio
1770 867 1824 908 et

322 938 550 998 utrisque
585 934 665 982 hic
699 935 947 982 bonorum
982 936 1092 982 finis
1128 936 1413 992 videbatur,
1449 936 1656 998 adipisci
1691 951 1824 999 quae

323 1015 493 1055 essent
511 1011 674 1071 prima
691 1016 876 1055 natura
893 1025 1128 1072 quaeque
1147 1012 1257 1072 ipsa
1273 1025 1365 1072 per
1383 1025 1494 1056 sese
1514 1007 1823 1071 expetenda,

323 1088 412 1128 aut
433 1085 601 1128 omnia
623 1089 713 1128 aut
732 1085 956 1128 maxima
979 1098 990 1137 ;
1032 1099 1091 1128 ea
1113 1089 1231 1129 sunt
1253 1090 1427 1129 autem
1447 1085 1671 1129 maxima
1691 1097 1823 1145 quae

320 1158 372 1201 in
392 1158 499 1218 ipso
522 1159 689 1202 animo
712 1163 868 1218 atque
889 1160 941 1202 in
961 1160 1070 1218 ipsa
1090 1160 1280 1203 virtute
1301 1163 1581 1204 versantur.
1638 1156 1823 1219 Itaque

321 1232 481 1275 omnis
518 1228 602 1275 illa
639 1232 850 1291 antiqua
886 1228 1202 1291 philosophia
1226 1233 1384 1276 sensit
1419 1233 1473 1277 in
1508 1246 1610 1276 una
1633 1231 1824 1275 virtute

323 1317 433 1348 esse
461 1305 680 1364 positam
708 1303 917 1348 beatam
947 1306 1121 1358 vitam,
1150 1319 1244 1349 nec
1273 1310 1449 1350 tamen
1476 1303 1825 1349 beatissimam

322 1379 416 1422 nisi
449 1376 849 1440 adjungerentur
883 1384 936 1423 et
968 1381 1185 1439 corporis
1220 1385 1274 1424 et
1305 1385 1478 1424 cetera
1509 1392 1642 1440 quae
1673 1392 1826 1438 supra

244 1456 298 1496 23
325 1448 461 1495 dicta
488 1455 607 1495 sunt
635 1449 700 1495 ad
727 1452 926 1495 virtutis
955 1465 1102 1495 usum
1129 1449 1326 1496 idonea.
1385 1449 1465 1496 Ex
1491 1447 1587 1495 hac
1607 1448 1825 1510 descrip-

252 2339 305 2379 24

323 1527 463 1570 tione
501 1523 686 1587 agendi
724 1540 927 1587 quoque
965 1523 1154 1587 aliquid
1189 1527 1241 1571 in
1277 1528 1381 1571 vita
1419 1531 1472 1571 et
1507 1524 1635 1571 offici
1670 1527 1824 1586 ipsius

323 1600 525 1644 initium
574 1599 944 1660 reperiebatur,
995 1598 1132 1661 quod
1183 1606 1293 1645 erat
1341 1602 1394 1645 in
1444 1601 1824 1646 conservatione

327 1685 500 1716 earum
520 1686 689 1717 rerum
711 1687 834 1733 quas
857 1677 1040 1717 natura
1059 1671 1442 1733 praescriberet.
1497 1670 1630 1717 Hinc
1650 1674 1826 1734 gigne-

325 1743 477 1790 batur
512 1742 635 1807 fuga
671 1744 896 1790 desidiae
933 1744 1356 1807 voluptatumque
1393 1747 1723 1807 contemptio,
1761 1759 1824 1790 ex

328 1834 428 1881 quo
452 1818 682 1865 laborum
703 1819 1033 1882 dolorumque
1054 1823 1306 1882 susceptio
1325 1819 1600 1866 multorum
1617 1835 1826 1882 magno-

325 1908 541 1954 rumque
565 1896 692 1938 recti
716 1892 1020 1956 honestique
1046 1909 1196 1939 causa
1222 1900 1276 1940 et
1301 1909 1476 1940 earum
1498 1909 1668 1940 rerum
1693 1908 1824 1956 quae

328 1971 475 2010 erant
497 1972 835 2028 congruentes
859 1982 973 2011 cum
997 1965 1335 2028 descriptione
1357 1973 1589 2021 naturae,
1613 1965 1749 2012 unde
1773 1971 1826 2011 et

329 2043 550 2086 amicitia
576 2041 856 2087 exsistebat
882 2047 935 2087 et
958 2043 1152 2087 iustitia
1177 2048 1332 2104 atque
1358 2044 1606 2104 aequitas,
1631 2055 1825 2102 eaeque

328 2118 382 2158 et
411 2112 757 2174 voluptatibus
791 2119 844 2159 et
873 2112 1045 2159 multis
1076 2117 1212 2159 vitae
1243 2112 1516 2160 commodis
1549 2119 1826 2174 antepone-

327 2184 528 2231 bantur.
557 2185 699 2232 Haec
713 2186 920 2249 quidem
932 2184 1030 2232 fuit
1041 2186 1177 2248 apud
1194 2201 1278 2232 eos
1294 2188 1755 2232 moruminstitutio
1773 2191 1826 2232 et

330 2262 435 2305 eius
452 2263 609 2321 partis
629 2276 781 2322 quam
798 2263 1012 2322 primam
1028 2263 1172 2322 posui
1189 2258 1350 2306 forma
1368 2266 1524 2322 atque
1537 2259 1822 2321 descriptiO.

393 2330 421 2348 “
448 2332 529 2380 De
557 2340 740 2380 natura
769 2341 942 2380 autem
971 2333 1043 2397 (id
1073 2337 1206 2379 enim
1235 2332 1565 2397 sequebatur)
1593 2336 1667 2380 ita
1693 2332 1824 2380 dice·

694 2421 711 2445 ¹
739 2420 1007 2461 Lambinus:
1039 2420 1281 2461 tenendum
1301 2420 1425 2462 codd.

838 2475 853 2499 ²
882 2474 1026 2515 Reid:
1059 2474 1167 2514 dum
1188 2475 1311 2515 codd.

685 2572 705 2592 ⁸
734 2568 775 2608 A
797 2565 902 2607 dual
925 2566 1162 2619 rendering
1181 2566 1231 2607 of
1248 2569 1294 2606 τὸ
1315 2567 1454 2608 καλόν.

1726 2539 1819 2549 ——

330 2635 424 2678 432
