1853 3001
888 177 1140 226 CICERO

269 320 437 378 putat,
455 329 550 360 nec
569 328 879 376 quemquam
898 311 999 358 vidi
1018 313 1104 374 qui
1120 312 1283 374 magis
1303 326 1364 357 ea
1383 325 1514 373 quae
1532 308 1760 356 timenda

270 405 379 436 esse
413 395 627 452 negaret
663 390 888 443 timeret,
914 393 1132 433 mortem
1159 386 1269 433 dico
1298 392 1351 432 et
1378 385 1498 432 deos
1522 399 1534 441 ;
1579 384 1761 447 quibus

269 465 547 511 mediocres
578 462 807 510 homines
839 479 941 509 non
971 465 1045 508 ita
1075 461 1221 508 valde
1252 467 1538 516 moventur,
1568 458 1645 506 his
1676 457 1761 504 ille

269 539 456 586 clamat
491 541 716 586 omnium
742 536 1032 584 mortalium
1057 543 1257 583 mentes
1287 551 1395 583 esse
1431 537 1726 598 perterritas
1749 548 1762 590 ;

269 622 351 662 tot
386 614 525 661 milia
560 613 924 660 latrocinantur
960 620 1124 659 morte
1161 614 1436 675 proposita,
1475 610 1557 657 alii
1594 613 1763 658 omnia

273 706 405 754 quae
432 696 644 753 possunt
671 687 790 735 fana
818 688 1076 751 conpilant
1098 704 1110 735 ι
1155 688 1305 734 credo
1335 693 1424 734 aut
1450 686 1558 733 illos
1586 689 1762 734 mortis

271 770 423 813 timor
445 772 607 812 terret
631 772 720 811 aut
742 763 832 811 hos
855 764 1110 828 religionis
1130 763 1140 810 l

193 849 247 889 87
336 841 366 858 “
388 841 490 889 Sed
514 843 753 904 quoniam
771 856 872 886 non
897 839 1052 886 audes
1079 839 1199 902 (iam
1225 841 1359 884 enim
1379 854 1494 884 cum
1516 840 1625 900 ipso
1643 837 1765 900 Epi-

273 934 391 964 curo
421 916 617 980 loquar)
649 931 838 979 negare
871 931 979 961 esse
1010 914 1149 970 deos,
1180 914 1298 976 quid
1333 920 1411 959 est
1442 913 1578 976 quod
1606 919 1660 959 te
1689 916 1764 959 in-

272 993 449 1055 pediat
478 999 566 1038 aut
594 990 751 1038 solem
780 997 869 1036 aut
895 990 1142 1036 mundum
1171 995 1260 1035 aut
1286 995 1514 1034 mentem
1543 987 1763 1051 aliquam

273 1071 637 1130 sempiternam
672 1069 725 1112 in
761 1066 971 1113 deorum
1007 1070 1237 1111 numero¹
1273 1065 1503 1127 ponere?
1571 1063 1582 1080 ‘
1607 1063 1763 1110 Num-

274 1159 427 1206 quam
486 1142 587 1189 vidj
610 1140 620 1156 '
670 1143 837 1203 inquit
894 1139 904 1156 ‘
930 1143 1150 1186 animam
1207 1142 1414 1185 rationis
1473 1138 1762 1201 consiliique

271 1220 573 1281 participem
602 1219 655 1262 in
690 1215 791 1262 ulla
828 1214 923 1261 alia
954 1218 1047 1261 m'si
1078 1213 1300 1260 humana
1325 1212 1519 1278 figura.’
1587 1213 1762 1272 Quid?

274 1292 389 1340 solis
418 1292 786 1355 numquidnam
816 1298 905 1337 aut
933 1289 1083 1336 lunae
1115 1296 1203 1336 aut
1233 1292 1456 1352 quinque
1487 1293 1763 1336 errantium

274 1369 496 1416 siderum
551 1366 711 1413 simile
766 1366 975 1412 vidisti?
1043 1364 1124 1411 Sol
1180 1365 1375 1411 duabus
1430 1367 1576 1411 unius
1631 1365 1762 1412 orbis

274 1443 463 1490 ultimis
516 1442 744 1505 partibus
799 1441 1043 1487 definiens
1096 1446 1293 1486 motum
1346 1456 1517 1486 cursus
1571 1456 1762 1486 annuos

274 1518 508 1573 conficit3
553 1516 700 1563 huius
736 1515 866 1562 hanc
901 1515 1253 1561 lustrationem
1296 1515 1523 1561 eiusdem
1557 1517 1762 1561 incensa

272 1594 423 1641 radiis
486 1599 746 1639 menstruo
809 1593 972 1653 spatio
1035 1589 1154 1636 luna
1211 1589 1466 1652 complet3
1539 1592 1762 1653 quinque

275 1676 449 1716 autem
475 1667 651 1714 stellae
679 1667 899 1713 eundem
924 1666 1098 1712 orbem
1124 1672 1380 1721 tenentes,
1407 1664 1533 1711 aliae
1558 1668 1762 1728 propius

277 1761 306 1790 a
350 1746 515 1799 terris,
565 1742 692 1788 aliae
738 1743 998 1796 remotius,
1045 1741 1108 1787 ab
1151 1741 1311 1787 isdem
1352 1742 1623 1802 principiiis
1666 1740 1763 1786 dis-

198 1826 252 1866 88
275 1819 479 1882 paribus
516 1817 828 1879 temporibus
863 1816 1043 1862 eadem
1076 1818 1239 1877 spatia
1275 1815 1558 1862 conficiunt.
1628 1815 1763 1861 Num

277 1894 399 1957 quid
441 1892 562 1948 tale,
605 1892 840 1954 Epicure,
884 1891 1091 1937 vidisti?
1160 1890 1238 1936 Ne
1281 1893 1347 1937 sit
1387 1893 1542 1954 igitur
1584 1889 1656 1937 sol
1697 1907 1762 1938 ne

277 1969 395 2015 luna
423 1984 487 2014 ne
516 1967 711 2022 stellae,
740 1969 977 2029 quoniam
1006 1964 1129 2010 nihil
1165 1981 1273 2012 esse
1301 1972 1473 2027 potest
1508 1969 1601 2012 nisi
1628 1966 1764 2029 quod

277 2047 539 2108 attigimus
567 2049 656 2088 aut
684 2042 912 2088 vidimuS.
982 2040 1157 2098 Quid?
1204 2041 1356 2088 deum
1383 2044 1548 2104 ipsum
1575 2059 1763 2090 numne

276 2119 485 2166 vidisti?
554 2117 655 2164 Cur
696 2120 851 2180 igitur
888 2117 1048 2162 credis
1088 2117 1238 2162 esse?
1307 2116 1492 2162 Omnia
1529 2117 1763 2165 tollamus

278 2211 400 2258 ergo
434 2208 565 2257 quae
599 2199 689 2239 aut
721 2191 927 2237 historia
960 2191 1102 2237 nobis
1137 2198 1226 2237 aut
1258 2195 1386 2238 ratio
1419 2208 1548 2238 nova
1581 2191 1763 2241 adfert.

692 2301 709 2325 ¹
740 2313 923 2339 numero
951 2299 1151 2340 Il'alker:
1186 2304 1358 2340 natura.

342 2429 361 2449 ⁶
391 2423 476 2472 i.e.,
512 2423 624 2464 have
657 2436 745 2475 you
781 2435 883 2462 seen
917 2421 1067 2472 things
1102 2422 1295 2472 perform
1327 2421 1385 2462 all
1424 2421 1544 2464 these
1577 2424 1768 2464 motions

285 2477 424 2519 under
450 2491 562 2529 your
588 2480 721 2528 eyes?
760 2489 824 2516 we
850 2488 921 2516 see
951 2475 1057 2528 only
1087 2479 1208 2527 parts
1235 2475 1285 2515 of
1311 2475 1384 2516 the
1414 2489 1589 2517 courses
1618 2477 1670 2518 of
1693 2477 1768 2519 the

281 2531 497 2584 heavenly
517 2530 684 2572 bodies.

284 2600 347 2644 84
