1853 3001
839 249 1091 297 CICERO

217 384 346 432 duce
379 387 564 429 natura
596 378 846 442 venimus)
881 378 1003 426 deos
1038 394 1148 425 esse
1183 377 1441 436 dixerunt,
1474 379 1712 426 dubitare

218 491 272 523 se
295 473 615 537 Protagoras,
636 470 798 518 nullos
821 486 931 517 esse
952 473 1156 518 omnino
1179 470 1427 534 Diagoras
1451 470 1638 518 Melius
1661 476 1716 518 et

217 565 512 614 Theodorus
553 563 859 627 Cyrenaicus
899 569 1226 625 putaverunt.
1295 561 1396 621 Qui
1435 578 1554 609 vero
1594 562 1717 610 deos

221 674 330 706 esse
359 657 617 711 dixerunt,
644 661 793 701 tanta
820 660 940 701 sunt
965 656 1018 700 in
1046 656 1296 700 varietate
1325 660 1379 700 et
1406 653 1717 701 dissensione

221 757 279 797 ut
309 764 482 796 eorum
507 746 780 793 molestum
804 748 870 793 sit
895 761 1193 792 enumerare
1219 748 1517 792 sententias.
1586 745 1718 792 Nam

222 849 276 889 et
303 841 368 888 de
396 839 567 903 figuris
596 838 807 885 deorum
835 843 889 884 et
917 837 981 884 de
1007 835 1127 883 locis
1155 843 1312 900 atque
1339 837 1543 884 sedibus
1572 844 1626 884 et
1653 838 1718 885 de

223 935 422 980 actione
472 933 609 976 vitae
659 927 824 976 multa
872 928 1127 985 dicuntur,
1177 928 1347 992 deque
1394 927 1472 976 his
1521 945 1720 976 summa

221 1021 633 1088 philosophorum
693 1021 1005 1068 dissensione
1065 1027 1327 1077 certatur3
1405 1021 1542 1084 quod
1602 1037 1720 1068 vero

221 1118 443 1163 maxime
467 1130 576 1160 rem
600 1128 908 1175 causamque
931 1114 1179 1168 continet,
1203 1119 1375 1159 utrum
1399 1111 1522 1158 nihil
1546 1120 1722 1177 agant,

222 1206 346 1254 nihil
382 1204 674 1260 moliantur,
713 1207 849 1251 omni
888 1206 1150 1251 curatione
1189 1210 1244 1251 et
1282 1204 1721 1252 administratione

222 1315 393 1347 rerum
423 1304 623 1354 vacent,
654 1313 719 1344 an
747 1302 926 1343 contra
954 1296 1020 1343 ab
1048 1298 1107 1343 iis
1138 1303 1193 1343 et
1222 1312 1252 1342 a
1279 1299 1525 1360 principio
1553 1300 1724 1344 omnia

224 1390 362 1437 facta
412 1396 467 1437 et
514 1391 796 1435 constituta
844 1390 947 1434 sint
997 1394 1051 1435 et
1100 1388 1167 1434 ad
1214 1387 1470 1435 infinitum
1518 1395 1723 1452 tempus

225 1489 471 1546 regantur
495 1488 651 1545 atque
670 1486 990 1535 moveantur,
1007 1482 1059 1526 in
1082 1482 1255 1542 primis
1273 1496 1461 1545 magna
1480 1480 1724 1528 dissensio

228 1581 325 1630 est,
356 1589 519 1636 eaque
550 1574 644 1620 nisi
675 1571 980 1620 diiudicatur
1008 1574 1061 1618 in
1090 1587 1288 1620 summo
1318 1587 1486 1620 errore
1516 1588 1725 1620 necesse

227 1673 306 1713 est
331 1664 560 1712 homines
588 1670 745 1727 atque
771 1666 823 1709 in
848 1666 1185 1709 maximarum
1211 1680 1380 1710 rerum
1405 1666 1724 1728 ignoratione

174 1765 202 1806 3
229 1759 429 1806 versari.
498 1755 566 1804 II.
604 1754 733 1802 Sunt
779 1757 914 1802 enim
958 1753 1242 1819 philosophi
1287 1762 1342 1802 et
1384 1753 1594 1804 fuerunt
1637 1758 1724 1821 qui

228 1851 431 1897 omnino
461 1846 651 1894 nullam
674 1846 865 1894 habere
893 1853 1164 1894 censerent
1190 1862 1360 1894 rerum
1387 1845 1724 1895 humanarum

225 1942 633 2004 procurationem
662 1939 799 1986 deos.
869 1937 1097 1996 Quorum
1125 1941 1166 1985 si
1194 1954 1314 1985 vera
1340 1942 1600 1988 sententia
1628 1946 1725 1997 est,

228 2048 361 2096 quae
382 2038 556 2094 potest
578 2046 688 2078 esse
709 2033 893 2095 pietas,
916 2046 1048 2093 quae
1069 2033 1331 2087 sanctitas,
1353 2046 1484 2094 quae
1505 2029 1683 2094 religio
1704 2031 1724 2080 ?

230 2124 373 2170 Haec
393 2126 529 2170 enim
549 2125 719 2169 omnia
737 2138 863 2185 pure
885 2129 1042 2185 atque
1061 2128 1202 2168 caste
1221 2122 1495 2169 tribuenda
1514 2122 1723 2169 deorum

229 2217 422 2262 numini
452 2217 527 2262 ita
557 2220 693 2270 sunt,
724 2216 765 2262 si
797 2213 1273 2261 animadvertuntur
1303 2213 1368 2260 ab
1398 2216 1457 2260 iis
1489 2220 1544 2261 et
1573 2216 1613 2260 si
1646 2220 1725 2261 est

228 2306 420 2370 aliquid
437 2322 468 2352 a
486 2305 593 2353 deis
611 2305 963 2352 inmortalibus
982 2303 1243 2351 hominum
1261 2307 1438 2369 generi
1456 2305 1723 2354 tributum.

229 2397 317 2444 Sin
344 2403 519 2444 autem
546 2396 629 2444 dei
656 2413 824 2460 neque
851 2403 1065 2459 possunt
1090 2413 1181 2443 nos
1207 2399 1380 2443 iuvare
1407 2412 1502 2443 nec
1527 2395 1722 2453 volunt,

230 2505 324 2536 nec
349 2491 553 2536 omnino
579 2495 759 2535 curant
785 2504 879 2535 nec
905 2488 1029 2552 quid
1055 2504 1265 2552 agamus
1291 2488 1724 2545 animadvertunt,

231 2594 326 2628 nec
359 2585 439 2627 est
473 2579 611 2642 quod
644 2579 709 2627 ab
742 2581 802 2627 iis
837 2578 902 2627 ad
936 2576 1197 2626 hominum
1231 2581 1389 2626 vitam
1421 2594 1723 2642 permanare

234 2671 266 2713 4
