1853 3001
867 162 1118 211 CICERO

249 295 451 359 vocant)
467 311 568 341 non
583 310 734 341 sensu
750 293 992 355 praeditis
1009 293 1099 340 sed
1115 294 1527 341 concurrentibus
1542 300 1737 342 temere

251 372 405 428 atque
438 379 557 409 casu
587 361 835 408 mundum
868 377 977 408 esse
1009 359 1312 424 perfectum,
1343 360 1424 408 vel
1453 364 1739 408 innumera-

249 432 373 479 biles
398 433 565 493 potius
590 432 642 475 in
667 431 804 475 omni
827 435 1016 490 puncto
1041 431 1283 491 temporis
1311 428 1430 476 alios
1455 432 1591 476 nasci
1617 429 1736 477 alios

247 496 717 561 interire,—quodsi
759 496 1005 542 mundum
1041 496 1237 542 efficere
1269 503 1441 558 potest
1472 513 1737 544 concursus

250 575 551 620 atomorum,
589 581 675 610 cur
711 566 962 626 porticum
999 580 1086 610 cur
1121 563 1371 626 templum
1407 581 1495 610 cur
1530 564 1738 611 domum

249 652 336 682 cur
367 634 546 680 urbem
577 648 678 678 non
709 637 898 693 potest,
931 647 1062 694 quae
1094 637 1213 678 sunt
1243 634 1408 678 minus
1440 647 1652 694 operosa
1683 638 1738 679 et

250 701 431 749 multol
480 699 687 762 quidem
735 697 1056 762 [faciliora]2?
1125 697 1277 745 Certe
1318 701 1392 745 ita
1439 705 1635 746 temere
1671 699 1736 747 de

249 768 438 816 mundo
484 765 722 813 effutiunt
765 772 823 812 ut
866 764 989 811 mihi
1033 766 1240 828 quidem
1283 782 1561 829 numquam
1603 765 1738 814 hunc

250 834 598 884 admirabilem
627 831 752 879 caeli
783 840 1017 880 ornatum
1048 833 1154 896 (qui
1183 832 1320 880 locus
1352 841 1431 880 est
1459 833 1736 898 proximus)

251 905 535 966 suspexisse
584 901 866 948 videantur.
937 899 1198 947 Praeclare
1257 917 1378 964 ergo
1434 900 1736 948 Aristoteles

173 980 227 1022 95
252 971 332 1018 ‘Si
377 976 546 1017 essent
567 967 577 983 ’
620 971 786 1031 inquit
828 966 838 983 ‘
861 970 946 1030 qui
988 968 1082 1014 sub
1121 975 1258 1015 terra
1299 984 1500 1030 semper
1540 967 1738 1016 habita-

251 1043 440 1086 vissent
481 1037 624 1084 bonis
663 1043 716 1082 et
752 1034 1046 1082 inlustribus
1090 1034 1349 1082 domiciliis
1393 1051 1524 1098 quae
1567 1043 1738 1084 essent

250 1113 430 1154 ornata
487 1107 639 1167 signis
700 1109 856 1166 atque
914 1105 1121 1164 picturis
1179 1105 1528 1166 instructaque
1586 1103 1737 1150 rebus

250 1177 308 1221 iis
342 1173 571 1220 omnibus
606 1171 786 1234 quibus
821 1170 1083 1216 abundant
1115 1172 1149 1215 ii
1183 1173 1268 1233 qui
1300 1171 1441 1217 beati
1473 1177 1737 1233 putantur,

251 1258 345 1289 nec
391 1247 567 1287 tamen
621 1241 846 1285 exissent
903 1254 1145 1301 umquam
1202 1253 1352 1300 supra
1407 1244 1615 1294 terram,
1659 1254 1739 1286 ac-

251 1311 505 1371 cepissent
548 1313 722 1353 autem
763 1304 901 1351 fama
937 1311 991 1352 et
1027 1305 1286 1352 auditione
1329 1321 1439 1352 esse
1482 1306 1738 1369 quoddam

250 1392 440 1424 numen
496 1381 549 1421 et
604 1377 704 1419 vim
760 1373 987 1428 deorum,
1043 1372 1228 1419 deinde
1285 1371 1451 1436 aliquo
1506 1380 1738 1436 tempore

251 1442 521 1508 patefactis
568 1448 736 1488 terrae
782 1439 1011 1487 faucibus
1059 1456 1123 1486 ex
1169 1439 1263 1486 illis
1307 1440 1491 1487 abditis
1535 1441 1738 1488 sedibus

252 1511 468 1560 evadere
492 1512 544 1555 in
576 1507 703 1555 haec
727 1507 836 1555 loca
861 1523 992 1570 quae
1017 1523 1107 1553 nos
1131 1506 1392 1554 incolimus
1418 1514 1574 1570 atque
1601 1511 1739 1555 exire

250 1581 535 1643 potuissent
559 1592 570 1623 ε
610 1592 724 1622 cum
743 1581 957 1637 repente
979 1581 1169 1621 terram
1190 1581 1244 1622 et
1262 1577 1421 1621 maria
1441 1574 1740 1639 caelumque

251 1647 509 1700 vidissent,
546 1644 757 1690 nubium
792 1642 1199 1706 magnitudinem
1235 1649 1603 1706 ventorumque
1639 1646 1741 1689 vim

251 1715 603 1777 cognovissent
663 1713 1081 1773 aspexissentque
1140 1709 1298 1756 solem
1358 1712 1567 1773 eiusque
1625 1727 1740 1757 cum

250 1779 656 1844 magnitudinem
702 1777 1232 1840 pulchritudinemque
1277 1784 1390 1823 tum
1436 1780 1594 1824 etiam
1638 1777 1741 1825 effi-

250 1851 489 1896 cientiam
529 1848 897 1909 cognovissent,
938 1844 1074 1908 quod
1111 1847 1152 1892 is
1193 1845 1330 1892 diem
1367 1843 1590 1892 efficeret
1628 1851 1741 1893 toto

251 1915 389 1963 caelo
421 1914 532 1961 luce
565 1912 761 1969 diffusa,
787 1929 901 1959 cum
927 1919 1101 1958 autem
1132 1919 1293 1959 terras
1325 1928 1426 1958 nox
1458 1919 1739 1975 opacasset,

250 1991 362 2030 tum
403 1981 599 2029 caelum
640 1988 809 2027 totum
850 1986 1118 2027 cernerent
1160 1982 1306 2026 astris
1348 1979 1644 2026 distinctum
1686 1986 1740 2027 et

250 2057 485 2098 ornatum
508 2048 760 2111 lunaeque
784 2046 1031 2094 luminum
1055 2049 1357 2094 varietatem
1380 2053 1492 2094 tum
1516 2063 1739 2094 crescen-

250 2122 314 2165 tis
366 2124 477 2164 tum
529 2118 837 2163 senescentis
891 2131 1167 2177 eorumque
1219 2117 1443 2161 omnium
1493 2121 1633 2161 ortus
1683 2121 1739 2162 et

251 2201 452 2232 occasus
480 2190 635 2246 atque
659 2186 711 2229 in
736 2185 872 2229 omni
898 2185 1206 2228 aeternitate
1231 2188 1367 2228 ratos
1392 2180 1738 2228 inmutabilos-

251 2269 350 2316 que
387 2268 557 2298 cursus
579 2279 643 2284 —
666 2266 797 2313 quae
833 2265 948 2296 cum
985 2249 1232 2304 viderent,
1268 2247 1496 2311 profecto
1538 2255 1591 2296 et
1628 2264 1736 2296 esse

427 2369 445 2395 ²
474 2368 614 2409 multa
633 2368 687 2409 Β.
1197 2366 1213 2391 ²
1242 2366 1340 2408 secl.
1366 2366 1566 2419 Madviy.

385 2523 403 2541 ⁰
435 2516 487 2557 In
507 2516 582 2556 the
601 2515 687 2556 lost
707 2514 916 2567 dialogue
937 2513 1001 2554 De
1021 2513 1323 2566 Philosophia,
1344 2527 1416 2555 see
1437 2515 1464 2555 ἱ.
1485 2515 1541 2554 33
1561 2527 1606 2557 n.

258 2598 354 2639 214
