1853 3001
883 187 1134 235 CICERO

264 327 402 374 vides
432 330 525 374 nisi
556 345 670 374 cum
699 327 832 391 pelle
863 332 1066 391 caprina
1096 346 1211 376 cum
1241 329 1389 377 hasta
1412 347 1527 377 cum
1557 328 1754 378 scutulo

263 421 377 451 cum
414 405 640 451 calceolis
676 406 945 468 repandis:
1002 414 1055 453 at
1084 424 1184 453 non
1215 415 1293 454 est
1328 407 1443 455 talis
1473 409 1631 472 Argia
1659 423 1754 454 nec

264 481 491 528 Romana
532 482 674 530 Iuno.
743 483 879 547 Ergo
921 483 1017 530 alia
1057 488 1247 547 species
1290 485 1494 532 Iunonis
1535 487 1752 549 Argivis,

263 559 359 605 alia
397 559 686 616 Lanuvinis,
724 560 821 607 alia
856 562 1036 608 nobis.1
1117 563 1186 609 Et
1223 564 1429 626 quidem
1472 562 1568 609 alia
1608 563 1749 609 nobis

185 643 238 682 83
264 636 552 699 Capitolini,
588 637 685 684 alia
719 637 854 685 Afris
890 639 1188 687 Hammonis
1225 640 1370 688 Iovis.
1439 641 1601 687 XXX.
1638 639 1752 686 Non

261 715 424 776 pudet
457 718 613 779 igitur
641 715 923 780 physicum,
952 718 1005 764 id
1037 724 1114 764 est
1145 718 1514 780 speculatorem
1544 725 1751 764 venato-

262 808 472 855 remque
522 800 753 849 naturae,
805 795 868 841 ab
920 798 1096 842 animis
1147 797 1512 843 consuetudine
1562 797 1752 842 inbutis

261 877 439 931 petere
499 874 847 918 testimonium
906 874 1176 920 veritatis?
1245 874 1350 921 Isto
1410 877 1545 920 enim
1602 873 1753 919 modo

262 947 429 993 dicere
470 947 643 994 licebit
684 949 858 996 Iovem
899 966 1099 1013 semper
1137 952 1426 1008 barbatum,
1467 950 1753 1014 Apollinem

263 1041 463 1087 semper
487 1027 768 1083 inberbem,
794 1031 982 1074 caesios
1009 1028 1174 1075 oculos
1198 1029 1479 1085 Minervae,
1498 1028 1753 1075 caeruleos

264 1118 373 1149 esse
403 1103 644 1165 Neptuni.
714 1105 783 1151 Et
811 1106 1017 1168 quidem
1045 1105 1307 1153 laudamus
1336 1106 1552 1154 Athenis
1580 1105 1755 1152 Volca-

262 1197 384 1227 num
408 1197 525 1227 eum
548 1198 701 1245 quem
723 1181 845 1229 fecit
867 1183 1186 1240 Alcamenes,
1208 1187 1260 1230 in
1283 1201 1382 1248 quo
1405 1191 1575 1231 stante
1599 1190 1754 1246 atque

263 1261 448 1305 vestito
506 1258 685 1306 leviter
739 1268 952 1323 apparet
999 1261 1302 1308 claudicatio
1349 1278 1450 1308 non
1496 1260 1753 1308 deformis.

271 1335 522 1382 Claudum
537 1339 694 1400 igitur
712 1337 1012 1385 habebimus
1032 1340 1185 1386 deum
1202 1343 1439 1403 quoniam
1455 1340 1519 1387 de
1535 1338 1754 1386 Volcano

263 1417 332 1461 sic
369 1418 667 1477 accepimus.
737 1418 851 1481 Age
885 1424 938 1464 et
969 1416 1045 1464 his
1070 1418 1322 1464 vocabulis
1356 1433 1465 1464 esse
1489 1417 1609 1464 deos
1635 1415 1755 1463 faci-

186 1501 240 1542 84
262 1499 394 1540 mus²
415 1495 597 1557 quibus
624 1510 654 1540 a
679 1495 822 1541 nobis
848 1498 1172 1542 nominantur
1195 1496 1213 1542 ?
1281 1497 1353 1542 At
1371 1499 1609 1558 primum,
1629 1500 1754 1558 quot

264 1570 524 1619 hominum
557 1571 779 1636 linguae,
812 1580 892 1620 tot
925 1576 1128 1619 nomina
1161 1574 1384 1620 deorum.
1455 1572 1569 1620 Non
1602 1575 1754 1629 enim,

265 1657 323 1696 ut
347 1657 405 1696 tu
430 1649 668 1706 Velleius,
695 1667 1012 1714 quocumque
1039 1654 1251 1707 veneris,
1277 1655 1344 1697 sic
1368 1651 1504 1697 idem
1528 1653 1581 1696 in
1606 1649 1754 1696 Italia

265 1727 531 1784 Volcanus,
549 1729 685 1775 idem
709 1731 761 1774 in
786 1727 974 1784 Africa,
992 1729 1129 1775 idem
1146 1732 1198 1774 in
1225 1729 1482 1791 Hispania.
1552 1728 1754 1774 Deinde

264 1810 525 1853 nominum
574 1824 675 1854 non
723 1823 937 1870 magnus
987 1823 1224 1853 numerus
1275 1822 1338 1853 ne
1387 1809 1439 1852 in
1487 1805 1754 1868 pontificiis

266 1885 472 1948 quidem
550 1888 750 1940 nostriS,
820 1885 1030 1932 deorum
1109 1891 1282 1931 autem
1359 1882 1751 1930 innumerabilis.

265 1962 347 2008 An
385 1965 491 2008 sine
530 1963 813 2009 nominibus
852 1962 1011 2008 sunt?
1080 1962 1225 2008 Istud
1263 1961 1469 2024 quidem
1505 1963 1578 2007 ita
1614 1961 1753 2007 vobis

265 2040 432 2086 dicere
476 2056 681 2086 necesse
727 2047 839 2095 est3
902 2040 1024 2103 quid
1068 2042 1203 2086 enim
1247 2042 1452 2095 attinet,
1495 2054 1610 2085 cum
1654 2054 1752 2084 una

264 2116 417 2163 facies
451 2120 533 2173 sit,
567 2117 712 2179 plura
747 2133 855 2164 esse
890 2117 1133 2163 nomina?
1201 2116 1368 2175 Quam
1401 2114 1590 2162 bellum
1626 2121 1752 2171 erat,

265 2194 443 2250 Vellei,
473 2195 701 2242 confiteri
729 2198 897 2257 potius
927 2197 1118 2241 nescire
1149 2194 1285 2257 quod
1313 2196 1568 2248 116501165,3
1599 2209 1751 2255 quam

262 2274 361 2318 ista
380 2271 697 2319 effutientem
716 2288 960 2318 nauseare
981 2279 1135 2335 atque
1153 2274 1319 2334 ipsum
1336 2271 1448 2317 tibi⁴
1469 2269 1749 2332 displicere!

373 2387 394 2416 ²
421 2388 509 2430 alia
531 2389 656 2430 nobis
679 2390 778 2436 det„
801 2403 881 2430 om.
904 2394 997 2430 cett.
1243 2388 1261 2412 ²
1289 2388 1506 2428 faciamus
1528 2387 1632 2427 dett.

476 2444 494 2468 ⁸
525 2445 711 2484 nescires
733 2444 835 2483 dett.
856 2462 866 2484 ε
907 2444 1083 2483 nesciris
1104 2443 1164 2490 A,
1187 2443 1325 2482 nescis
1346 2454 1456 2482 corr.
1478 2440 1534 2482 B.

719 2498 737 2522 ⁴
765 2497 844 2538 tibi
870 2497 1131 2537 Manutius:
1161 2495 1258 2536 sibi.

271 2607 336 2650 80
