<?xml version="1.0" encoding="UTF-8"?>
<!DOCTYPE html PUBLIC "-//W3C//DTD XHTML 1.0 Transitional//EN"
    "http://www.w3.org/TR/xhtml1/DTD/xhtml1-transitional.dtd">
<html xmlns="http://www.w3.org/1999/xhtml" xml:lang="en" lang="en">
 <head>
  <title>
</title>
<meta http-equiv="Content-Type" content="text/html;charset=utf-8" />
  <meta name='ocr-system' content='tesseract 3.04.00' />
  <meta name='ocr-capabilities' content='ocr_page ocr_carea ocr_par ocr_line ocrx_word'/>
</head>
<body>
  <div class='ocr_page' id='page_1' title='image "./denaturadeorumac00ciceuoft_0542.png"; bbox 0 0 1919 3006; ppageno 0'>
   <div class='ocr_carea' id='block_1_1' title="bbox 277 1736 328 1776">
    <p class='ocr_par' dir='ltr' id='par_1_1' title="bbox 277 1736 328 1776">
     <span class='ocr_line' id='line_1_1' title="bbox 277 1736 328 1776; baseline 0 0"><span class='ocrx_word' id='word_1_1' title='bbox 277 1736 328 1776; x_wconf 85' lang='lat'>33</span> 
     </span>
    </p>
   </div>
   <div class='ocr_carea' id='block_1_2' title="bbox 981 189 1233 238">
    <p class='ocr_par' dir='ltr' id='par_1_2' title="bbox 981 189 1233 238">
     <span class='ocr_line' id='line_1_2' title="bbox 981 189 1233 238; baseline 0.008 -2"><span class='ocrx_word' id='word_1_2' title='bbox 981 189 1233 238; x_wconf 89' lang='lat' dir='ltr'>CICERO</span> 
     </span>
    </p>
   </div>
   <div class='ocr_carea' id='block_1_3' title="bbox 351 312 1857 2133">
    <p class='ocr_par' dir='ltr' id='par_1_3' title="bbox 356 312 1856 584">
     <span class='ocr_line' id='line_1_3' title="bbox 356 312 1853 380; baseline 0.003 -18"><span class='ocrx_word' id='word_1_3' title='bbox 356 312 481 363; x_wconf 83' lang='lat' dir='ltr'>haec</span> <span class='ocrx_word' id='word_1_4' title='bbox 522 320 631 380; x_wconf 87' lang='lat' dir='ltr'>ipsa</span> <span class='ocrx_word' id='word_1_5' title='bbox 672 319 893 380; x_wconf 87' lang='lat' dir='ltr'>eripiunt</span> <span class='ocrx_word' id='word_1_6' title='bbox 935 316 1014 364; x_wconf 91' lang='lat' dir='ltr'>vel</span> <span class='ocrx_word' id='word_1_7' title='bbox 1054 321 1396 366; x_wconf 83' lang='lat' dir='ltr'>instrumenta</span> <span class='ocrx_word' id='word_1_8' title='bbox 1435 317 1515 365; x_wconf 88' lang='lat' dir='ltr'>vel</span> <span class='ocrx_word' id='word_1_9' title='bbox 1556 326 1853 368; x_wconf 86' lang='lat' dir='ltr'>ornamenta</span> 
     </span>
     <span class='ocr_line' id='line_1_4' title="bbox 356 384 1856 447; baseline 0.004 -18"><span class='ocrx_word' id='word_1_10' title='bbox 356 388 509 440; x_wconf 88' lang='lat' dir='ltr'>vitae,</span> <span class='ocrx_word' id='word_1_11' title='bbox 531 384 611 431; x_wconf 83' lang='lat' dir='ltr'>vel</span> <span class='ocrx_word' id='word_1_12' title='bbox 631 387 800 447; x_wconf 88' lang='lat' dir='ltr'>potius</span> <span class='ocrx_word' id='word_1_13' title='bbox 823 388 980 432; x_wconf 89' lang='lat' dir='ltr'>etiam</span> <span class='ocrx_word' id='word_1_14' title='bbox 1001 392 1166 432; x_wconf 90' lang='lat' dir='ltr'>totam</span> <span class='ocrx_word' id='word_1_15' title='bbox 1187 388 1345 433; x_wconf 81' lang='lat' dir='ltr'>vitam</span> <span class='ocrx_word' id='word_1_16' title='bbox 1367 393 1607 434; x_wconf 87' lang='lat' dir='ltr'>evertunt</span> <span class='ocrx_word' id='word_1_17' title='bbox 1626 385 1856 436; x_wconf 88' lang='lat' dir='ltr'>funditus</span> 
     </span>
     <span class='ocr_line' id='line_1_5' title="bbox 356 451 1856 514; baseline 0.003 -17"><span class='ocrx_word' id='word_1_18' title='bbox 356 455 624 514; x_wconf 91' lang='lat' dir='ltr'>ipsumque</span> <span class='ocrx_word' id='word_1_19' title='bbox 667 451 853 498; x_wconf 86' lang='lat' dir='ltr'>animal</span> <span class='ocrx_word' id='word_1_20' title='bbox 894 453 1078 500; x_wconf 91' lang='lat' dir='ltr'>orbant</span> <span class='ocrx_word' id='word_1_21' title='bbox 1119 455 1304 509; x_wconf 72' lang='lat' dir='ltr'>animo,</span> <span class='ocrx_word' id='word_1_22' title='bbox 1346 460 1405 500; x_wconf 86' lang='lat' dir='ltr'>ut</span> <span class='ocrx_word' id='word_1_23' title='bbox 1445 453 1643 501; x_wconf 87' lang='lat' dir='ltr'>difficile</span> <span class='ocrx_word' id='word_1_24' title='bbox 1684 457 1751 502; x_wconf 90' lang='lat' dir='ltr'>sit</span> <span class='ocrx_word' id='word_1_25' title='bbox 1791 454 1856 502; x_wconf 92' lang='lat' dir='ltr'>de</span> 
     </span>
     <span class='ocr_line' id='line_1_6' title="bbox 357 520 1792 584; baseline 0.003 -19"><span class='ocrx_word' id='word_1_26' title='bbox 357 522 652 566; x_wconf 85' lang='lat' dir='ltr'>temeritate</span> <span class='ocrx_word' id='word_1_27' title='bbox 677 535 851 566; x_wconf 89' lang='lat' dir='ltr'>eorum</span> <span class='ocrx_word' id='word_1_28' title='bbox 872 520 1085 582; x_wconf 81' lang='lat' dir='ltr'>perinde</span> <span class='ocrx_word' id='word_1_29' title='bbox 1108 527 1167 568; x_wconf 86' lang='lat' dir='ltr'>ut</span> <span class='ocrx_word' id='word_1_30' title='bbox 1189 536 1341 568; x_wconf 86' lang='lat' dir='ltr'>causa</span> <span class='ocrx_word' id='word_1_31' title='bbox 1361 520 1588 584; x_wconf 87' lang='lat' dir='ltr'>postulat</span> <span class='ocrx_word' id='word_1_32' title='bbox 1610 521 1792 569; x_wconf 90' lang='lat' dir='ltr'>dicere.</span> 
     </span>
    </p>

    <p class='ocr_par' dir='ltr' id='par_1_4' title="bbox 353 584 1857 1728">
     <span class='ocr_line' id='line_1_7' title="bbox 417 584 1856 652; baseline 0.003 -20"><span class='ocrx_word' id='word_1_33' title='bbox 417 584 446 602; x_wconf 89' lang='lat'><strong>“</strong></span> <span class='ocrx_word' id='word_1_34' title='bbox 472 585 579 633; x_wconf 92' lang='lat' dir='ltr'>Nec</span> <span class='ocrx_word' id='word_1_35' title='bbox 599 602 717 633; x_wconf 91' lang='lat' dir='ltr'>vero</span> <span class='ocrx_word' id='word_1_36' title='bbox 739 590 860 634; x_wconf 89' lang='lat' dir='ltr'>satis</span> <span class='ocrx_word' id='word_1_37' title='bbox 882 590 1192 634; x_wconf 88' lang='lat' dir='ltr'>constituere</span> <span class='ocrx_word' id='word_1_38' title='bbox 1211 604 1418 651; x_wconf 90' lang='lat' dir='ltr'>possum</span> <span class='ocrx_word' id='word_1_39' title='bbox 1438 588 1576 652; x_wconf 90' lang='lat' dir='ltr'>quod</span> <span class='ocrx_word' id='word_1_40' title='bbox 1594 591 1661 636; x_wconf 84' lang='lat' dir='ltr'>sit</span> <span class='ocrx_word' id='word_1_41' title='bbox 1680 605 1856 637; x_wconf 90' lang='lat' dir='ltr'>eorum</span> 
     </span>
     <span class='ocr_line' id='line_1_8' title="bbox 354 653 1856 718; baseline 0.003 -19"><span class='ocrx_word' id='word_1_42' title='bbox 354 653 614 700; x_wconf 92' lang='lat' dir='ltr'>consilium</span> <span class='ocrx_word' id='word_1_43' title='bbox 644 661 735 701; x_wconf 91' lang='lat' dir='ltr'>aut</span> <span class='ocrx_word' id='word_1_44' title='bbox 765 654 888 718; x_wconf 92' lang='lat' dir='ltr'>quid</span> <span class='ocrx_word' id='word_1_45' title='bbox 917 653 1089 702; x_wconf 84' lang='lat' dir='ltr'>velint.</span> <span class='ocrx_word' id='word_1_46' title='bbox 1161 655 1428 703; x_wconf 80' lang='lat' dir='ltr'>Interdum</span> <span class='ocrx_word' id='word_1_47' title='bbox 1459 659 1596 703; x_wconf 85' lang='lat' dir='ltr'>enim</span> <span class='ocrx_word' id='word_1_48' title='bbox 1624 672 1740 704; x_wconf 90' lang='lat' dir='ltr'>cum</span> <span class='ocrx_word' id='word_1_49' title='bbox 1770 655 1856 703; x_wconf 87' lang='lat' dir='ltr'>ad-</span> 
     </span>
     <span class='ocr_line' id='line_1_9' title="bbox 354 719 1856 787; baseline 0.004 -22"><span class='ocrx_word' id='word_1_50' title='bbox 354 719 585 768; x_wconf 83' lang='lat' dir='ltr'>hibemus</span> <span class='ocrx_word' id='word_1_51' title='bbox 613 720 678 768; x_wconf 85' lang='lat' dir='ltr'>ad</span> <span class='ocrx_word' id='word_1_52' title='bbox 706 737 791 768; x_wconf 86' lang='lat' dir='ltr'>eos</span> <span class='ocrx_word' id='word_1_53' title='bbox 819 725 1101 769; x_wconf 85' lang='lat' dir='ltr'>orationem</span> <span class='ocrx_word' id='word_1_54' title='bbox 1129 725 1235 769; x_wconf 92' lang='lat' dir='ltr'>eius</span> <span class='ocrx_word' id='word_1_55' title='bbox 1261 723 1416 779; x_wconf 84' lang='lat' dir='ltr'>modi,</span> <span class='ocrx_word' id='word_1_56' title='bbox 1443 725 1485 770; x_wconf 89' lang='lat' dir='ltr'>si</span> <span class='ocrx_word' id='word_1_57' title='bbox 1511 739 1574 770; x_wconf 88' lang='lat' dir='ltr'>ea</span> <span class='ocrx_word' id='word_1_58' title='bbox 1599 739 1731 787; x_wconf 91' lang='lat' dir='ltr'>quae</span> <span class='ocrx_word' id='word_1_59' title='bbox 1758 723 1856 771; x_wconf 81' lang='lat' dir='ltr'>dis·</span> 
     </span>
     <span class='ocr_line' id='line_1_10' title="bbox 353 789 1856 854; baseline 0.002 -20"><span class='ocrx_word' id='word_1_60' title='bbox 353 795 601 849; x_wconf 84' lang='lat' dir='ltr'>putentur</span> <span class='ocrx_word' id='word_1_61' title='bbox 630 805 751 835; x_wconf 91' lang='lat' dir='ltr'>vera</span> <span class='ocrx_word' id='word_1_62' title='bbox 780 791 898 845; x_wconf 89' lang='lat' dir='ltr'>sint,</span> <span class='ocrx_word' id='word_1_63' title='bbox 929 796 1041 836; x_wconf 90' lang='lat' dir='ltr'>tum</span> <span class='ocrx_word' id='word_1_64' title='bbox 1072 793 1242 836; x_wconf 86' lang='lat' dir='ltr'>omnia</span> <span class='ocrx_word' id='word_1_65' title='bbox 1270 789 1379 837; x_wconf 87' lang='lat' dir='ltr'>fore</span> <span class='ocrx_word' id='word_1_66' title='bbox 1409 793 1620 847; x_wconf 86' lang='lat' dir='ltr'>incerta,</span> <span class='ocrx_word' id='word_1_67' title='bbox 1649 807 1856 854; x_wconf 90' lang='lat' dir='ltr'>respon-</span> 
     </span>
     <span class='ocr_line' id='line_1_11' title="bbox 353 855 1856 921; baseline 0.002 -19"><span class='ocrx_word' id='word_1_68' title='bbox 353 856 478 903; x_wconf 90' lang='lat' dir='ltr'>dent</span> <span class='ocrx_word' id='word_1_69' title='bbox 500 872 511 902; x_wconf 77' lang='lat' dir='ltr'>t</span> <span class='ocrx_word' id='word_1_70' title='bbox 559 855 570 872; x_wconf 89' lang='lat'><em>‘</em></span> <span class='ocrx_word' id='word_1_71' title='bbox 594 855 731 915; x_wconf 85' lang='lat' dir='ltr'>Quid</span> <span class='ocrx_word' id='word_1_72' title='bbox 758 872 879 920; x_wconf 88' lang='lat' dir='ltr'>ergo</span> <span class='ocrx_word' id='word_1_73' title='bbox 906 856 1045 904; x_wconf 85' lang='lat' dir='ltr'>istud</span> <span class='ocrx_word' id='word_1_74' title='bbox 1081 857 1146 904; x_wconf 90' lang='lat' dir='ltr'>ad</span> <span class='ocrx_word' id='word_1_75' title='bbox 1180 874 1270 904; x_wconf 91' lang='lat' dir='ltr'>nos</span> <span class='ocrx_word' id='word_1_76' title='bbox 1294 857 1313 904; x_wconf 87' lang='lat'>?</span> <span class='ocrx_word' id='word_1_77' title='bbox 1358 874 1481 904; x_wconf 92' lang='lat' dir='ltr'>num</span> <span class='ocrx_word' id='word_1_78' title='bbox 1507 864 1682 905; x_wconf 88' lang='lat' dir='ltr'>nostra</span> <span class='ocrx_word' id='word_1_79' title='bbox 1707 856 1856 921; x_wconf 87' lang='lat' dir='ltr'>culpa</span> 
     </span>
     <span class='ocr_line' id='line_1_12' title="bbox 355 922 1855 988; baseline 0.002 -19"><span class='ocrx_word' id='word_1_80' title='bbox 355 922 476 970; x_wconf 85' lang='lat' dir='ltr'>est?</span> <span class='ocrx_word' id='word_1_81' title='bbox 522 929 759 970; x_wconf 89' lang='lat' dir='ltr'>naturam</span> <span class='ocrx_word' id='word_1_82' title='bbox 797 940 993 980; x_wconf 87' lang='lat' dir='ltr'>accusa,</span> <span class='ocrx_word' id='word_1_83' title='bbox 1024 940 1155 987; x_wconf 90' lang='lat' dir='ltr'>quae</span> <span class='ocrx_word' id='word_1_84' title='bbox 1190 927 1244 971; x_wconf 92' lang='lat' dir='ltr'>in</span> <span class='ocrx_word' id='word_1_85' title='bbox 1277 923 1529 988; x_wconf 90' lang='lat' dir='ltr'>profundo</span> <span class='ocrx_word' id='word_1_86' title='bbox 1565 927 1855 982; x_wconf 86' lang='lat' dir='ltr'>veritatem,</span> 
     </span>
     <span class='ocr_line' id='line_1_13' title="bbox 354 990 1855 1054; baseline 0.002 -18"><span class='ocrx_word' id='word_1_87' title='bbox 354 997 412 1037; x_wconf 92' lang='lat' dir='ltr'>ut</span> <span class='ocrx_word' id='word_1_88' title='bbox 442 992 514 1037; x_wconf 86' lang='lat' dir='ltr'>ait</span> <span class='ocrx_word' id='word_1_89' title='bbox 544 990 887 1047; x_wconf 82' lang='lat' dir='ltr'><strong>Democritus,</strong></span> <span class='ocrx_word' id='word_1_90' title='bbox 911 994 1116 1054; x_wconf 86' lang='lat' dir='ltr'>penitus</span> <span class='ocrx_word' id='word_1_91' title='bbox 1147 991 1481 1039; x_wconf 85' lang='lat' dir='ltr'>abstruserit.’</span> <span class='ocrx_word' id='word_1_92' title='bbox 1548 991 1649 1040; x_wconf 87' lang='lat' dir='ltr'>Alii</span> <span class='ocrx_word' id='word_1_93' title='bbox 1680 999 1855 1039; x_wconf 89' lang='lat' dir='ltr'>autem</span> 
     </span>
     <span class='ocr_line' id='line_1_14' title="bbox 355 1056 1856 1123; baseline 0.003 -20"><span class='ocrx_word' id='word_1_94' title='bbox 355 1056 657 1122; x_wconf 86' lang='lat' dir='ltr'>elegantius,</span> <span class='ocrx_word' id='word_1_95' title='bbox 691 1061 777 1122; x_wconf 87' lang='lat' dir='ltr'>qui</span> <span class='ocrx_word' id='word_1_96' title='bbox 811 1061 967 1106; x_wconf 89' lang='lat' dir='ltr'>etiam</span> <span class='ocrx_word' id='word_1_97' title='bbox 1000 1066 1284 1123; x_wconf 88' lang='lat' dir='ltr'>queruntur</span> <span class='ocrx_word' id='word_1_98' title='bbox 1315 1059 1452 1123; x_wconf 93' lang='lat' dir='ltr'>quod</span> <span class='ocrx_word' id='word_1_99' title='bbox 1484 1075 1570 1107; x_wconf 91' lang='lat' dir='ltr'>eos</span> <span class='ocrx_word' id='word_1_100' title='bbox 1600 1059 1856 1107; x_wconf 89' lang='lat' dir='ltr'>insimule-</span> 
     </span>
     <span class='ocr_line' id='line_1_15' title="bbox 354 1126 1857 1190; baseline 0.002 -19"><span class='ocrx_word' id='word_1_101' title='bbox 354 1142 464 1172; x_wconf 86' lang='lat' dir='ltr'>mus</span> <span class='ocrx_word' id='word_1_102' title='bbox 491 1128 661 1172; x_wconf 85' lang='lat' dir='ltr'>omnia</span> <span class='ocrx_word' id='word_1_103' title='bbox 684 1128 880 1173; x_wconf 91' lang='lat' dir='ltr'>incerta</span> <span class='ocrx_word' id='word_1_104' title='bbox 906 1126 1091 1182; x_wconf 82' lang='lat' dir='ltr'><strong>dicere,</strong></span> <span class='ocrx_word' id='word_1_105' title='bbox 1118 1133 1471 1190; x_wconf 87' lang='lat' dir='ltr'>quantumque</span> <span class='ocrx_word' id='word_1_106' title='bbox 1496 1129 1698 1174; x_wconf 89' lang='lat' dir='ltr'>intersit</span> <span class='ocrx_word' id='word_1_107' title='bbox 1721 1129 1857 1174; x_wconf 91' lang='lat' dir='ltr'>inter</span> 
     </span>
     <span class='ocr_line' id='line_1_16' title="bbox 354 1192 1856 1257; baseline 0.001 -19"><span class='ocrx_word' id='word_1_108' title='bbox 354 1196 605 1240; x_wconf 85' lang='lat' dir='ltr'>incertum</span> <span class='ocrx_word' id='word_1_109' title='bbox 630 1199 685 1240; x_wconf 91' lang='lat' dir='ltr'>et</span> <span class='ocrx_word' id='word_1_110' title='bbox 706 1192 761 1240; x_wconf 92' lang='lat' dir='ltr'>id</span> <span class='ocrx_word' id='word_1_111' title='bbox 785 1193 922 1256; x_wconf 92' lang='lat' dir='ltr'>quod</span> <span class='ocrx_word' id='word_1_112' title='bbox 943 1196 1135 1256; x_wconf 85' lang='lat' dir='ltr'>percipi</span> <span class='ocrx_word' id='word_1_113' title='bbox 1158 1210 1260 1241; x_wconf 92' lang='lat' dir='ltr'>non</span> <span class='ocrx_word' id='word_1_114' title='bbox 1283 1197 1443 1257; x_wconf 78' lang='lat' dir='ltr'>possit</span> <span class='ocrx_word' id='word_1_115' title='bbox 1467 1194 1649 1241; x_wconf 88' lang='lat' dir='ltr'>docere</span> <span class='ocrx_word' id='word_1_116' title='bbox 1672 1210 1856 1242; x_wconf 89' lang='lat' dir='ltr'>conan-</span> 
     </span>
     <span class='ocr_line' id='line_1_17' title="bbox 355 1260 1855 1325; baseline 0.001 -19"><span class='ocrx_word' id='word_1_117' title='bbox 355 1267 439 1306; x_wconf 90' lang='lat' dir='ltr'>tur</span> <span class='ocrx_word' id='word_1_118' title='bbox 471 1276 635 1323; x_wconf 92' lang='lat' dir='ltr'>eaque</span> <span class='ocrx_word' id='word_1_119' title='bbox 669 1260 998 1324; x_wconf 82' lang='lat' dir='ltr'>distinguere.</span> <span class='ocrx_word' id='word_1_120' title='bbox 1068 1261 1197 1308; x_wconf 90' lang='lat' dir='ltr'>Cum</span> <span class='ocrx_word' id='word_1_121' title='bbox 1228 1260 1305 1308; x_wconf 92' lang='lat' dir='ltr'>his</span> <span class='ocrx_word' id='word_1_122' title='bbox 1336 1264 1493 1325; x_wconf 90' lang='lat' dir='ltr'>igitur</span> <span class='ocrx_word' id='word_1_123' title='bbox 1526 1277 1736 1325; x_wconf 82' lang='lat' dir='ltr'>agamus</span> <span class='ocrx_word' id='word_1_124' title='bbox 1768 1264 1855 1325; x_wconf 92' lang='lat' dir='ltr'>qui</span> 
     </span>
     <span class='ocr_line' id='line_1_18' title="bbox 355 1326 1857 1391; baseline 0.002 -19"><span class='ocrx_word' id='word_1_125' title='bbox 355 1326 480 1374; x_wconf 86' lang='lat' dir='ltr'>haec</span> <span class='ocrx_word' id='word_1_126' title='bbox 502 1327 841 1391; x_wconf 85' lang='lat' dir='ltr'>distinguunt,</span> <span class='ocrx_word' id='word_1_127' title='bbox 863 1327 972 1375; x_wconf 87' lang='lat' dir='ltr'>illos</span> <span class='ocrx_word' id='word_1_128' title='bbox 995 1331 1081 1391; x_wconf 92' lang='lat' dir='ltr'>qui</span> <span class='ocrx_word' id='word_1_129' title='bbox 1103 1331 1273 1375; x_wconf 87' lang='lat' dir='ltr'>omnia</span> <span class='ocrx_word' id='word_1_130' title='bbox 1294 1331 1363 1376; x_wconf 93' lang='lat' dir='ltr'>sic</span> <span class='ocrx_word' id='word_1_131' title='bbox 1383 1331 1579 1376; x_wconf 89' lang='lat' dir='ltr'>incerta</span> <span class='ocrx_word' id='word_1_132' title='bbox 1601 1329 1777 1376; x_wconf 84' lang='lat' dir='ltr'>dicunt</span> <span class='ocrx_word' id='word_1_133' title='bbox 1798 1335 1857 1376; x_wconf 87' lang='lat' dir='ltr'>ut</span> 
     </span>
     <span class='ocr_line' id='line_1_19' title="bbox 353 1392 1857 1460; baseline 0.001 -19"><span class='ocrx_word' id='word_1_134' title='bbox 353 1392 613 1441; x_wconf 87' lang='lat' dir='ltr'>stellarum</span> <span class='ocrx_word' id='word_1_135' title='bbox 639 1411 878 1442; x_wconf 91' lang='lat' dir='ltr'>numerus</span> <span class='ocrx_word' id='word_1_136' title='bbox 904 1412 996 1459; x_wconf 91' lang='lat' dir='ltr'>par</span> <span class='ocrx_word' id='word_1_137' title='bbox 1022 1412 1088 1442; x_wconf 92' lang='lat' dir='ltr'>an</span> <span class='ocrx_word' id='word_1_138' title='bbox 1111 1398 1275 1459; x_wconf 85' lang='lat' dir='ltr'>impar</span> <span class='ocrx_word' id='word_1_139' title='bbox 1300 1398 1366 1443; x_wconf 87' lang='lat' dir='ltr'>sit</span> <span class='ocrx_word' id='word_1_140' title='bbox 1392 1399 1535 1460; x_wconf 83' lang='lat' dir='ltr'>quasi</span> <span class='ocrx_word' id='word_1_141' title='bbox 1561 1396 1857 1460; x_wconf 89' lang='lat' dir='ltr'>desperatos</span> 
     </span>
     <span class='ocr_line' id='line_1_20' title="bbox 355 1461 1856 1527; baseline 0.001 -19"><span class='ocrx_word' id='word_1_142' title='bbox 355 1461 547 1525; x_wconf 87' lang='lat' dir='ltr'>aliquos</span> <span class='ocrx_word' id='word_1_143' title='bbox 583 1461 942 1526; x_wconf 81' lang='lat' dir='ltr'>relinquamus.</span> <span class='ocrx_word' id='word_1_144' title='bbox 1011 1462 1202 1511; x_wconf 86' lang='lat' dir='ltr'>Volunt</span> <span class='ocrx_word' id='word_1_145' title='bbox 1239 1466 1374 1510; x_wconf 92' lang='lat' dir='ltr'>enim</span> <span class='ocrx_word' id='word_1_146' title='bbox 1409 1464 1486 1527; x_wconf 88' lang='lat' dir='ltr'>(et</span> <span class='ocrx_word' id='word_1_147' title='bbox 1519 1461 1614 1511; x_wconf 91' lang='lat' dir='ltr'>hoc</span> <span class='ocrx_word' id='word_1_148' title='bbox 1649 1463 1856 1527; x_wconf 92' lang='lat' dir='ltr'>quidem</span> 
     </span>
     <span class='ocr_line' id='line_1_21' title="bbox 355 1528 1856 1595; baseline 0.001 -20"><span class='ocrx_word' id='word_1_149' title='bbox 355 1528 434 1575; x_wconf 90' lang='lat' dir='ltr'>vel</span> <span class='ocrx_word' id='word_1_150' title='bbox 467 1533 689 1577; x_wconf 82' lang='lat' dir='ltr'>maxime</span> <span class='ocrx_word' id='word_1_151' title='bbox 723 1547 810 1577; x_wconf 89' lang='lat' dir='ltr'>vos</span> <span class='ocrx_word' id='word_1_152' title='bbox 845 1531 1315 1578; x_wconf 80' lang='lat' dir='ltr'>animadvertebam</span> <span class='ocrx_word' id='word_1_153' title='bbox 1349 1530 1559 1595; x_wconf 89' lang='lat' dir='ltr'>moveri)</span> <span class='ocrx_word' id='word_1_154' title='bbox 1593 1529 1856 1594; x_wconf 87' lang='lat' dir='ltr'>probabile</span> 
     </span>
     <span class='ocr_line' id='line_1_22' title="bbox 354 1595 1856 1662; baseline 0.002 -20"><span class='ocrx_word' id='word_1_155' title='bbox 354 1595 545 1659; x_wconf 89' lang='lat' dir='ltr'>aliquid</span> <span class='ocrx_word' id='word_1_156' title='bbox 572 1613 682 1644; x_wconf 91' lang='lat' dir='ltr'>esse</span> <span class='ocrx_word' id='word_1_157' title='bbox 711 1604 766 1645; x_wconf 84' lang='lat' dir='ltr'>et</span> <span class='ocrx_word' id='word_1_158' title='bbox 793 1601 936 1661; x_wconf 92' lang='lat' dir='ltr'>quasi</span> <span class='ocrx_word' id='word_1_159' title='bbox 963 1600 1068 1645; x_wconf 89' lang='lat' dir='ltr'>veri</span> <span class='ocrx_word' id='word_1_160' title='bbox 1095 1597 1274 1654; x_wconf 88' lang='lat' dir='ltr'>simile,</span> <span class='ocrx_word' id='word_1_161' title='bbox 1303 1614 1466 1662; x_wconf 92' lang='lat' dir='ltr'>eaque</span> <span class='ocrx_word' id='word_1_162' title='bbox 1494 1614 1549 1645; x_wconf 90' lang='lat' dir='ltr'>se</span> <span class='ocrx_word' id='word_1_163' title='bbox 1575 1600 1653 1645; x_wconf 87' lang='lat' dir='ltr'>uti</span> <span class='ocrx_word' id='word_1_164' title='bbox 1678 1597 1856 1662; x_wconf 87' lang='lat' dir='ltr'>regula</span> 
     </span>
     <span class='ocr_line' id='line_1_23' title="bbox 355 1664 1720 1728; baseline 0.001 -17"><span class='ocrx_word' id='word_1_165' title='bbox 355 1671 409 1711; x_wconf 87' lang='lat' dir='ltr'>et</span> <span class='ocrx_word' id='word_1_166' title='bbox 431 1667 485 1710; x_wconf 93' lang='lat' dir='ltr'>in</span> <span class='ocrx_word' id='word_1_167' title='bbox 509 1664 709 1728; x_wconf 85' lang='lat' dir='ltr'>agenda</span> <span class='ocrx_word' id='word_1_168' title='bbox 731 1667 838 1712; x_wconf 89' lang='lat' dir='ltr'>vita</span> <span class='ocrx_word' id='word_1_169' title='bbox 861 1673 915 1712; x_wconf 89' lang='lat' dir='ltr'>et</span> <span class='ocrx_word' id='word_1_170' title='bbox 937 1668 990 1711; x_wconf 91' lang='lat' dir='ltr'>in</span> <span class='ocrx_word' id='word_1_171' title='bbox 1014 1666 1307 1728; x_wconf 90' lang='lat' dir='ltr'>quaerendo</span> <span class='ocrx_word' id='word_1_172' title='bbox 1331 1682 1390 1712; x_wconf 88' lang='lat' dir='ltr'>ac</span> <span class='ocrx_word' id='word_1_173' title='bbox 1413 1665 1720 1713; x_wconf 89' lang='lat' dir='ltr'>disserendo.</span> 
     </span>
    </p>

    <p class='ocr_par' dir='ltr' id='par_1_5' title="bbox 351 1730 1855 2133">
     <span class='ocr_line' id='line_1_24' title="bbox 416 1730 1855 1796; baseline 0.001 -19"><span class='ocrx_word' id='word_1_174' title='bbox 416 1730 508 1778; x_wconf 92' lang='lat' dir='ltr'>XI.</span> <span class='ocrx_word' id='word_1_175' title='bbox 546 1731 573 1748; x_wconf 91' lang='lat'>“</span> <span class='ocrx_word' id='word_1_176' title='bbox 599 1731 746 1790; x_wconf 84' lang='lat' dir='ltr'>Quae</span> <span class='ocrx_word' id='word_1_177' title='bbox 788 1735 888 1779; x_wconf 86' lang='lat' dir='ltr'>ista</span> <span class='ocrx_word' id='word_1_178' title='bbox 928 1731 1106 1796; x_wconf 86' lang='lat' dir='ltr'>regula</span> <span class='ocrx_word' id='word_1_179' title='bbox 1148 1740 1228 1780; x_wconf 85' lang='lat' dir='ltr'>est</span> <span class='ocrx_word' id='word_1_180' title='bbox 1269 1736 1373 1779; x_wconf 87' lang='lat' dir='ltr'>veri</span> <span class='ocrx_word' id='word_1_181' title='bbox 1417 1740 1473 1780; x_wconf 89' lang='lat' dir='ltr'>et</span> <span class='ocrx_word' id='word_1_182' title='bbox 1512 1731 1643 1789; x_wconf 83' lang='lat' dir='ltr'>falsi,</span> <span class='ocrx_word' id='word_1_183' title='bbox 1684 1734 1724 1779; x_wconf 90' lang='lat' dir='ltr'>si</span> <span class='ocrx_word' id='word_1_184' title='bbox 1767 1747 1855 1778; x_wconf 90' lang='lat' dir='ltr'>no-</span> 
     </span>
     <span class='ocr_line' id='line_1_25' title="bbox 353 1798 1855 1864; baseline 0.001 -19"><span class='ocrx_word' id='word_1_185' title='bbox 353 1801 547 1845; x_wconf 77' lang='lat' dir='ltr'>tionem</span> <span class='ocrx_word' id='word_1_186' title='bbox 575 1802 681 1846; x_wconf 91' lang='lat' dir='ltr'>veri</span> <span class='ocrx_word' id='word_1_187' title='bbox 712 1806 767 1846; x_wconf 85' lang='lat' dir='ltr'>et</span> <span class='ocrx_word' id='word_1_188' title='bbox 795 1798 924 1856; x_wconf 87' lang='lat' dir='ltr'>falsi,</span> <span class='ocrx_word' id='word_1_189' title='bbox 954 1807 1228 1862; x_wconf 88' lang='lat' dir='ltr'>propterea</span> <span class='ocrx_word' id='word_1_190' title='bbox 1257 1800 1394 1864; x_wconf 93' lang='lat' dir='ltr'>quod</span> <span class='ocrx_word' id='word_1_191' title='bbox 1423 1816 1486 1847; x_wconf 89' lang='lat' dir='ltr'>ea</span> <span class='ocrx_word' id='word_1_192' title='bbox 1512 1816 1615 1847; x_wconf 92' lang='lat' dir='ltr'>non</span> <span class='ocrx_word' id='word_1_193' title='bbox 1642 1805 1855 1862; x_wconf 83' lang='lat' dir='ltr'>possunt</span> 
     </span>
     <span class='ocr_line' id='line_1_26' title="bbox 353 1866 1854 1922; baseline 0.001 -11"><span class='ocrx_word' id='word_1_194' title='bbox 353 1868 643 1922; x_wconf 86' lang='lat' dir='ltr'>internosci,</span> <span class='ocrx_word' id='word_1_195' title='bbox 699 1866 890 1913; x_wconf 89' lang='lat' dir='ltr'>nullam</span> <span class='ocrx_word' id='word_1_196' title='bbox 945 1866 1193 1914; x_wconf 90' lang='lat' dir='ltr'>habemus</span> <span class='ocrx_word' id='word_1_197' title='bbox 1217 1868 1235 1914; x_wconf 88' lang='lat'>?</span> <span class='ocrx_word' id='word_1_198' title='bbox 1304 1867 1435 1914; x_wconf 90' lang='lat' dir='ltr'>Nam</span> <span class='ocrx_word' id='word_1_199' title='bbox 1491 1870 1533 1914; x_wconf 92' lang='lat' dir='ltr'>si</span> <span class='ocrx_word' id='word_1_200' title='bbox 1587 1866 1854 1921; x_wconf 90' lang='lat' dir='ltr'>habemus,</span> 
     </span>
     <span class='ocr_line' id='line_1_27' title="bbox 352 1935 1854 1998; baseline -0.001 -18"><span class='ocrx_word' id='word_1_201' title='bbox 352 1935 598 1980; x_wconf 78' lang='lat' dir='ltr'>interesse</span> <span class='ocrx_word' id='word_1_202' title='bbox 625 1941 829 1996; x_wconf 79' lang='lat' dir='ltr'>oportet</span> <span class='ocrx_word' id='word_1_203' title='bbox 853 1941 912 1981; x_wconf 89' lang='lat' dir='ltr'>ut</span> <span class='ocrx_word' id='word_1_204' title='bbox 934 1937 1069 1981; x_wconf 83' lang='lat' dir='ltr'>inter</span> <span class='ocrx_word' id='word_1_205' title='bbox 1091 1942 1290 1982; x_wconf 88' lang='lat' dir='ltr'>rectum</span> <span class='ocrx_word' id='word_1_206' title='bbox 1315 1941 1370 1982; x_wconf 87' lang='lat' dir='ltr'>et</span> <span class='ocrx_word' id='word_1_207' title='bbox 1392 1951 1604 1998; x_wconf 88' lang='lat' dir='ltr'>pravum</span> <span class='ocrx_word' id='word_1_208' title='bbox 1627 1937 1697 1981; x_wconf 90' lang='lat' dir='ltr'>sic</span> <span class='ocrx_word' id='word_1_209' title='bbox 1720 1936 1854 1980; x_wconf 87' lang='lat' dir='ltr'>inter</span> 
     </span>
     <span class='ocr_line' id='line_1_28' title="bbox 351 2000 1849 2065; baseline 0.001 -19"><span class='ocrx_word' id='word_1_210' title='bbox 351 2016 526 2047; x_wconf 90' lang='lat' dir='ltr'>verum</span> <span class='ocrx_word' id='word_1_211' title='bbox 557 2008 611 2048; x_wconf 88' lang='lat' dir='ltr'>et</span> <span class='ocrx_word' id='word_1_212' title='bbox 639 2000 821 2048; x_wconf 88' lang='lat' dir='ltr'>falsum</span> <span class='ocrx_word' id='word_1_213' title='bbox 845 2018 857 2048; x_wconf 68' lang='grc' dir='ltr'>ε</span> <span class='ocrx_word' id='word_1_214' title='bbox 904 2004 945 2048; x_wconf 91' lang='lat' dir='ltr'>si</span> <span class='ocrx_word' id='word_1_215' title='bbox 973 2001 1095 2048; x_wconf 89' lang='lat' dir='ltr'>nihil</span> <span class='ocrx_word' id='word_1_216' title='bbox 1123 2005 1356 2058; x_wconf 87' lang='lat' dir='ltr'>interest,</span> <span class='ocrx_word' id='word_1_217' title='bbox 1385 2001 1524 2048; x_wconf 86' lang='lat' dir='ltr'>nulla</span> <span class='ocrx_word' id='word_1_218' title='bbox 1550 2000 1728 2065; x_wconf 89' lang='lat' dir='ltr'>regula</span> <span class='ocrx_word' id='word_1_219' title='bbox 1756 2008 1849 2056; x_wconf 82' lang='lat' dir='ltr'>est,</span> 
     </span>
     <span class='ocr_line' id='line_1_29' title="bbox 352 2066 1851 2133; baseline 0 -19"><span class='ocrx_word' id='word_1_220' title='bbox 352 2083 445 2114; x_wconf 90' lang='lat' dir='ltr'>nec</span> <span class='ocrx_word' id='word_1_221' title='bbox 462 2075 635 2131; x_wconf 88' lang='lat' dir='ltr'>potest</span> <span class='ocrx_word' id='word_1_222' title='bbox 652 2071 692 2116; x_wconf 91' lang='lat' dir='ltr'>is</span> <span class='ocrx_word' id='word_1_223' title='bbox 711 2072 790 2115; x_wconf 90' lang='lat' dir='ltr'>cui</span> <span class='ocrx_word' id='word_1_224' title='bbox 810 2076 889 2116; x_wconf 87' lang='lat' dir='ltr'>est</span> <span class='ocrx_word' id='word_1_225' title='bbox 905 2072 1027 2116; x_wconf 88' lang='lat' dir='ltr'>visio</span> <span class='ocrx_word' id='word_1_226' title='bbox 1045 2072 1148 2116; x_wconf 88' lang='lat' dir='ltr'>veri</span> <span class='ocrx_word' id='word_1_227' title='bbox 1167 2068 1382 2133; x_wconf 84' lang='lat' dir='ltr'>falsique</span> <span class='ocrx_word' id='word_1_228' title='bbox 1399 2071 1677 2116; x_wconf 89' lang='lat' dir='ltr'>communis</span> <span class='ocrx_word' id='word_1_229' title='bbox 1694 2066 1851 2115; x_wconf 87' lang='lat' dir='ltr'>ullum</span> 
     </span>
    </p>
   </div>
   <div class='ocr_carea' id='block_1_4' title="bbox 352 2226 1849 2388">
    <p class='ocr_par' dir='ltr' id='par_1_6' title="bbox 352 2226 1849 2388">
     <span class='ocr_line' id='line_1_30' title="bbox 411 2226 1849 2282; baseline 0 -14"><span class='ocrx_word' id='word_1_230' title='bbox 411 2232 431 2251; x_wconf 76' lang='lat'>⁶</span> <span class='ocrx_word' id='word_1_231' title='bbox 459 2227 552 2268; x_wconf 90' lang='lat' dir='ltr'>The</span> <span class='ocrx_word' id='word_1_232' title='bbox 581 2227 800 2269; x_wconf 83' lang='lat' dir='ltr'>favourite</span> <span class='ocrx_word' id='word_1_233' title='bbox 829 2229 992 2282; x_wconf 89' lang='lat' dir='ltr'>charge</span> <span class='ocrx_word' id='word_1_234' title='bbox 1023 2229 1073 2270; x_wconf 89' lang='lat' dir='ltr'>of</span> <span class='ocrx_word' id='word_1_235' title='bbox 1097 2229 1172 2270; x_wconf 90' lang='lat' dir='ltr'>the</span> <span class='ocrx_word' id='word_1_236' title='bbox 1203 2228 1400 2282; x_wconf 89' lang='lat' dir='ltr'>Sceptics</span> <span class='ocrx_word' id='word_1_237' title='bbox 1429 2230 1607 2282; x_wconf 85' lang='lat' dir='ltr'>against</span> <span class='ocrx_word' id='word_1_238' title='bbox 1634 2227 1710 2269; x_wconf 89' lang='lat' dir='ltr'>the</span> <span class='ocrx_word' id='word_1_239' title='bbox 1739 2226 1849 2280; x_wconf 88' lang='lat' dir='ltr'>dog-</span> 
     </span>
     <span class='ocr_line' id='line_1_31' title="bbox 352 2281 690 2323; baseline 0.006 -2"><span class='ocrx_word' id='word_1_240' title='bbox 352 2284 486 2322; x_wconf 88' lang='lat' dir='ltr'>matic</span> <span class='ocrx_word' id='word_1_241' title='bbox 505 2281 690 2323; x_wconf 89' lang='lat' dir='ltr'>schools.</span> 
     </span>
     <span class='ocr_line' id='line_1_32' title="bbox 417 2335 731 2388; baseline 0.003 -12"><span class='ocrx_word' id='word_1_242' title='bbox 417 2335 432 2360; x_wconf 74' lang='lat'><em>⁶</em></span> <span class='ocrx_word' id='word_1_243' title='bbox 468 2335 538 2388; x_wconf 83' lang='lat' dir='ltr'>Cf.</span> <span class='ocrx_word' id='word_1_244' title='bbox 562 2338 588 2376; x_wconf 89' lang='lat' dir='ltr'>i.</span> <span class='ocrx_word' id='word_1_245' title='bbox 611 2340 667 2377; x_wconf 80' lang='lat'>44</span> <span class='ocrx_word' id='word_1_246' title='bbox 689 2350 731 2377; x_wconf 90' lang='lat' dir='ltr'>n.</span> 
     </span>
    </p>
   </div>
   <div class='ocr_carea' id='block_1_5' title="bbox 413 2387 1919 2443">
    <p class='ocr_par' dir='ltr' id='par_1_7' title="bbox 413 2387 1919 2443">
     <span class='ocr_line' id='line_1_33' title="bbox 413 2387 1919 2443; baseline -0.001 -13"><span class='ocrx_word' id='word_1_247' title='bbox 413 2395 427 2414; x_wconf 80' lang='lat'><strong><em>⁶</em></strong></span> <span class='ocrx_word' id='word_1_248' title='bbox 457 2389 695 2431; x_wconf 86' lang='lat' dir='ltr'>Doubtless</span> <span class='ocrx_word' id='word_1_249' title='bbox 717 2404 743 2430; x_wconf 92' lang='lat' dir='ltr'>a</span> <span class='ocrx_word' id='word_1_250' title='bbox 760 2389 980 2431; x_wconf 85' lang='lat' dir='ltr'>reference</span> <span class='ocrx_word' id='word_1_251' title='bbox 1000 2394 1046 2431; x_wconf 87' lang='lat' dir='ltr'>to</span> <span class='ocrx_word' id='word_1_252' title='bbox 1067 2391 1142 2431; x_wconf 89' lang='lat' dir='ltr'>the</span> <span class='ocrx_word' id='word_1_253' title='bbox 1163 2391 1408 2443; x_wconf 83' lang='lat' dir='ltr'>exposition</span> <span class='ocrx_word' id='word_1_254' title='bbox 1431 2388 1480 2430; x_wconf 88' lang='lat' dir='ltr'>of</span> <span class='ocrx_word' id='word_1_255' title='bbox 1499 2387 1683 2430; x_wconf 83' lang='lat' dir='ltr'>Catulus</span> <span class='ocrx_word' id='word_1_256' title='bbox 1705 2391 1753 2429; x_wconf 91' lang='lat' dir='ltr'>at</span> <span class='ocrx_word' id='word_1_257' title='bbox 1771 2387 1846 2430; x_wconf 86' lang='lat' dir='ltr'>the</span> <span class='ocrx_word' id='word_1_258' title='bbox 1918 2391 1919 2435; x_wconf 46' lang='grc' dir='ltr'>ᾗ</span> 
     </span>
    </p>
   </div>
   <div class='ocr_carea' id='block_1_6' title="bbox 352 2442 1846 2594">
    <p class='ocr_par' dir='ltr' id='par_1_8' title="bbox 352 2442 1846 2594">
     <span class='ocr_line' id='line_1_34' title="bbox 352 2442 1543 2496; baseline 0.001 -13"><span class='ocrx_word' id='word_1_259' title='bbox 352 2442 597 2496; x_wconf 66' lang='lat' dir='ltr'>beginning</span> <span class='ocrx_word' id='word_1_260' title='bbox 618 2444 667 2484; x_wconf 85' lang='lat' dir='ltr'>of</span> <span class='ocrx_word' id='word_1_261' title='bbox 683 2444 756 2484; x_wconf 84' lang='lat' dir='ltr'>the</span> <span class='ocrx_word' id='word_1_262' title='bbox 777 2443 862 2484; x_wconf 89' lang='lat' dir='ltr'>lost</span> <span class='ocrx_word' id='word_1_263' title='bbox 884 2443 1010 2484; x_wconf 84' lang='lat' dir='ltr'>Book</span> <span class='ocrx_word' id='word_1_264' title='bbox 1033 2444 1068 2485; x_wconf 91' lang='grc' dir='ltr'>Ι.</span> <span class='ocrx_word' id='word_1_265' title='bbox 1092 2443 1141 2484; x_wconf 87' lang='lat' dir='ltr'>of</span> <span class='ocrx_word' id='word_1_266' title='bbox 1156 2445 1230 2485; x_wconf 90' lang='lat' dir='ltr'>the</span> <span class='ocrx_word' id='word_1_267' title='bbox 1249 2443 1346 2485; x_wconf 83' lang='lat' dir='ltr'>first</span> <span class='ocrx_word' id='word_1_268' title='bbox 1363 2443 1543 2485; x_wconf 85' lang='lat' dir='ltr'>edition.</span> 
     </span>
     <span class='ocr_line' id='line_1_35' title="bbox 409 2494 1846 2550; baseline -0.001 -13"><span class='ocrx_word' id='word_1_269' title='bbox 409 2497 427 2521; x_wconf 78' lang='lat'>‘¹</span> <span class='ocrx_word' id='word_1_270' title='bbox 459 2497 598 2546; x_wconf 71' lang='lat' dir='ltr'>Quasi</span> <span class='ocrx_word' id='word_1_271' title='bbox 625 2497 777 2538; x_wconf 83' lang='lat' dir='ltr'>marks</span> <span class='ocrx_word' id='word_1_272' title='bbox 805 2498 900 2538; x_wconf 79' lang='lat' dir='ltr'>veri</span> <span class='ocrx_word' id='word_1_273' title='bbox 919 2499 1065 2539; x_wconf 73' lang='lat' dir='ltr'>simile</span> <span class='ocrx_word' id='word_1_274' title='bbox 1089 2511 1137 2539; x_wconf 90' lang='lat' dir='ltr'>as</span> <span class='ocrx_word' id='word_1_275' title='bbox 1161 2511 1219 2540; x_wconf 90' lang='lat' dir='ltr'>an</span> <span class='ocrx_word' id='word_1_276' title='bbox 1246 2497 1530 2550; x_wconf 85' lang='lat' dir='ltr'>explanation</span> <span class='ocrx_word' id='word_1_277' title='bbox 1553 2495 1604 2538; x_wconf 89' lang='lat' dir='ltr'>of</span> <span class='ocrx_word' id='word_1_278' title='bbox 1622 2494 1846 2549; x_wconf 76' lang='lat' dir='ltr'>probabile</span> 
     </span>
     <span class='ocr_line' id='line_1_36' title="bbox 352 2550 960 2594; baseline 0.005 -4"><span class='ocrx_word' id='word_1_279' title='bbox 352 2550 459 2591; x_wconf 82' lang='lat' dir='ltr'>used</span> <span class='ocrx_word' id='word_1_280' title='bbox 481 2556 527 2592; x_wconf 89' lang='lat' dir='ltr'>to</span> <span class='ocrx_word' id='word_1_281' title='bbox 545 2551 757 2592; x_wconf 85' lang='lat' dir='ltr'>translate</span> <span class='ocrx_word' id='word_1_282' title='bbox 777 2555 960 2594; x_wconf 83' lang='grc' dir='ltr'>πιθανόν.</span> 
     </span>
    </p>
   </div>
   <div class='ocr_carea' id='block_1_7' title="bbox 352 2620 444 2662">
    <p class='ocr_par' dir='ltr' id='par_1_9' title="bbox 352 2620 444 2662">
     <span class='ocr_line' id='line_1_37' title="bbox 352 2620 444 2662; baseline 0.011 -2"><span class='ocrx_word' id='word_1_283' title='bbox 352 2620 444 2662; x_wconf 80' lang='grc'>508</span> 
     </span>
    </p>
   </div>
  </div>
 </body>
</html>
