1919 3006
924 189 1175 238 CICERO

305 318 406 366 ulla
432 320 685 383 pecudum
713 322 923 367 scientia
951 328 1046 377 est,
1074 337 1350 385 earumque
1378 323 1602 367 omnium
1627 336 1794 367 rerum

201 406 277 445 157
300 396 559 444 hominum
610 406 687 444 est
737 405 790 445 et
838 415 955 445 usus
1005 405 1059 445 et
1105 415 1239 445 cura.
1317 398 1509 444 LXIII.
1547 397 1623 445 Ut
1670 397 1795 445 fides

305 478 461 539 igitur
504 482 557 522 et
599 477 748 522 tibias
793 492 966 522 eorum
1008 493 1159 523 causa
1200 475 1360 523 factas
1403 476 1674 523 dicendum
1717 482 1795 522 est

307 556 393 615 qui
427 552 521 600 illis
558 556 634 600 uti
669 560 894 616 possent,
927 557 997 600 sic
1033 569 1095 600 ea
1130 570 1261 617 quae
1297 554 1401 600 dixi
1436 556 1494 600 iis
1530 552 1644 600 solis
1679 568 1795 599 con-

307 630 555 677 fitendum
592 637 671 677 est
707 647 816 677 esse
853 637 1033 693 parata
1068 634 1155 694 qui
1190 638 1422 687 utuntur,
1459 647 1552 677 nec
1587 634 1628 678 si
1664 645 1797 694 quae

305 708 501 754 bestiae
535 706 768 754 furantur
804 708 993 771 aliquid
1028 724 1091 755 ex
1126 711 1185 755 iis
1221 715 1310 755 aut
1343 711 1566 771 rapiunt,
1599 707 1797 754 illarum

307 801 509 847 quoque
547 802 698 832 causa
734 802 796 832 ea
830 793 953 832 nata
989 802 1097 833 esse
1137 787 1376 833 dicemus.
1445 785 1627 849 Neque
1663 788 1797 831 enim

305 861 533 910 homines
571 879 771 909 murum
811 871 900 910 aut
937 862 1257 910 formicarum
1298 880 1449 910 causa
1484 862 1797 909 frumentum

306 941 531 987 condunt
567 941 657 988 sed
693 943 964 1005 coniugum
1004 948 1058 988 et
1098 941 1370 988 liberorum
1407 947 1460 987 et
1494 939 1796 987 familiarum

306 1033 533 1074 suarum3
551 1020 726 1081 itaque
743 1019 938 1065 bestiae
955 1017 1130 1065 furtim
1147 1026 1204 1065 ut
1220 1019 1324 1065 dixi
1340 1017 1592 1074 fruuntur,
1609 1019 1797 1065 domini

202 1103 277 1142 158
301 1094 470 1158 palam
505 1102 560 1142 et
592 1094 766 1142 libere.
839 1095 1117 1142 Hominum
1151 1099 1307 1160 igitur
1335 1112 1486 1142 causa
1511 1111 1595 1142 eas
1628 1111 1797 1142 rerum

306 1176 474 1235 copias
519 1180 835 1236 comparatas
880 1172 1148 1221 fatendum
1194 1180 1290 1230 est,
1334 1176 1428 1220 nisi
1472 1172 1605 1220 forte
1649 1179 1797 1220 tanta

305 1251 512 1297 ubertas
559 1257 612 1297 et
657 1254 874 1297 varietas
919 1267 1184 1313 pomorum
1230 1266 1505 1313 eorumque
1549 1250 1796 1297 iucundus

305 1344 406 1374 non
436 1334 671 1390 gustatus
704 1328 865 1374 solum
896 1329 987 1375 sed
1018 1329 1255 1375 odoratus
1289 1331 1444 1374 etiam
1476 1334 1530 1375 et
1561 1335 1795 1391 aspectus

306 1405 679 1452 dubitationem
711 1404 879 1452 adfert
910 1409 1031 1469 quin
1061 1405 1346 1453 hominibus
1377 1405 1491 1452 solis
1524 1421 1584 1452 ea
1613 1412 1797 1452 natura

304 1483 582 1530 donaverit.
673 1483 997 1547 Tantumque
1047 1485 1193 1531 abest
1240 1491 1299 1531 ut
1344 1482 1471 1530 haec
1517 1484 1795 1530 bestiarum

306 1564 462 1607 etiam
497 1577 648 1608 causa
681 1568 862 1623 parata
896 1564 1014 1617 sint,
1050 1568 1109 1608 ut
1143 1564 1275 1623 ipsas
1311 1561 1499 1608 bestias
1534 1560 1795 1608 hominum

303 1642 468 1702 gratia
509 1646 781 1702 generatas
825 1655 934 1686 esse
977 1639 1252 1686 videamus.
1323 1638 1459 1697 Quid
1501 1642 1635 1685 enim
1677 1655 1794 1686 oves

305 1715 441 1762 aliud
479 1715 718 1762 adferunt
755 1719 849 1763 nisi
887 1723 945 1763 ut
984 1732 1157 1762 earum
1195 1715 1319 1763 villis
1358 1715 1599 1763 confectis
1639 1723 1795 1780 atque

303 1797 555 1840 contextis
588 1792 816 1840 homines
850 1794 1172 1841 vestiantur?
1225 1809 1357 1857 quae
1389 1794 1595 1857 quidem
1627 1809 1796 1858 neque

303 1870 367 1917 ali
398 1887 565 1934 neque
597 1874 870 1918 sustentari
903 1888 1070 1935 neque
1102 1871 1259 1918 ullum
1290 1870 1512 1918 fructum
1544 1871 1696 1918 edere
1728 1887 1793 1919 ex

301 1965 356 1995 se
408 1951 515 1995 sine
567 1948 707 1996 cultu
758 1948 1018 1996 hominum
1072 1957 1125 1996 et
1177 1952 1436 1996 curatione
1487 1952 1790 2012 potuissent.

302 2025 497 2072 Canum
521 2042 638 2073 vero
670 2033 778 2073 tam
813 2026 913 2074 fida
945 2027 1173 2074 custodia
1205 2033 1414 2090 tamque
1439 2043 1612 2073 amans
1636 2027 1794 2074 domi-

301 2120 479 2150 norum
527 2103 750 2151 adulatio
791 2111 1097 2167 tantumque
1145 2104 1315 2151 odium
1354 2107 1406 2150 in
1447 2111 1702 2160 externos,
1739 2110 1793 2151 et

301 2188 409 2228 tam
441 2181 743 2228 incredibilis
777 2182 842 2229 ad
872 2182 1282 2245 investigandum
1313 2184 1562 2245 sagacitas
1594 2184 1789 2228 narium

302 2266 448 2305 tanta
475 2259 705 2306 alacritas
734 2262 786 2306 in
815 2260 1046 2306 venando
1077 2260 1198 2322 quid
1227 2259 1510 2322 significat¹
1535 2258 1671 2307 aliud
1695 2262 1787 2306 nisi

300 2352 355 2383 se
416 2337 480 2383 ad
539 2336 799 2383 hominum
859 2337 1246 2384 commoditates
1307 2352 1416 2384 esse
1475 2337 1787 2400 generatos?

202 2422 277 2461 159
303 2413 437 2472 Quid
460 2414 523 2460 de
546 2414 710 2461 bubus
734 2414 909 2477 loquar
932 2413 950 2459 ?
993 2429 1206 2477 quorum
1228 2416 1337 2475 ipsa
1359 2421 1506 2478 terga
1528 2413 1788 2461 declarant

837 2535 853 2560 ²
881 2534 1134 2588 significant
1152 2537 1172 2575 ?
1193 2535 1259 2576 ed.

300 2601 397 2649 274·
