1919 3006
950 198 1202 247 CICERO

329 336 511 384 docere
536 332 672 397 quod
696 337 750 378 et
773 347 874 394 qua
897 330 962 377 de
985 344 1137 376 causa
1160 327 1425 376 discidium
1447 325 1639 373 factum
1664 330 1746 381 sit,
1770 331 1828 372 ut

254 419 310 459 44
333 407 593 454 videamus
621 405 811 450 satisne
837 404 937 448 ista
964 403 1030 446 sit
1056 403 1190 446 iusta
1218 395 1491 446 defectio.'’
1557 396 1688 445 Tum
1715 412 1830 460 ego,

331 477 360 496 “
385 477 513 525 Cum
547 471 802 528 Zenone,”
838 475 1064 534 inquam,
1098 469 1210 517 “ut
1244 472 1546 532 accepimus,
1579 468 1829 516 Arcesilas

332 549 427 597 sibi
443 562 592 594 omne
609 551 871 592 certamen
886 545 1126 598 instituit,
1143 558 1245 588 non
1260 543 1540 604 pertinacia
1557 547 1647 588 aut
1662 539 1830 588 studio

333 617 582 672 vincendi,
612 622 671 663 ut
699 613 822 662 mihi
853 613 1060 677 quidem
1090 613 1308 669 videtur,
1338 612 1429 660 sed
1459 629 1634 659 earum
1661 627 1831 659 rerum

333 691 643 738 obscuritate
686 701 817 749 quae
860 685 925 732 ad
967 682 1334 731 confessionem
1376 685 1704 748 ignorationis
1747 682 1832 729 ad-

335 762 589 810 duxerant
619 756 880 804 Socratem
913 762 966 802 et
995 758 1097 801 iam
1130 761 1249 802 ante
1281 754 1542 802 Socratem
1574 753 1835 801 Democri-

334 840 462 888 tum,
474 832 851 892 Anaxagoram,
862 826 1244 889 Empedoclem,
1256 843 1429 873 omnes
1440 841 1605 888 paene
1615 832 1835 880 veteres,

336 907 421 969 qui
445 901 568 950 nihil
592 902 841 963 cognosci,
866 898 989 945 nihil
1011 900 1219 960 percipi,
1243 897 1367 944 nihil
1390 900 1502 944 sciri
1524 913 1671 960 posse
1695 897 1836 944 dixe-

334 983 471 1030 runt,
493 978 733 1036 angustos
755 986 948 1026 sensus,
967 969 1243 1016 imbecillos
1265 972 1474 1025 animos,
1492 969 1666 1015 brevia
1685 971 1836 1015 curri-

335 1047 448 1096 cula
473 1049 627 1098 vitae,
657 1049 727 1099 et,
755 1048 814 1088 ut
841 1041 1182 1096 Democritus,
1209 1043 1262 1087 in
1287 1039 1537 1103 profundo
1565 1044 1835 1088 veritatem

338 1134 447 1167 esse
467 1117 770 1170 demersam,
790 1113 1107 1177 opinionibus
1129 1119 1182 1159 et
1200 1115 1447 1159 institutis
1468 1115 1636 1160 omnia
1653 1115 1836 1170 teneri,

338 1188 460 1236 nihil
476 1189 680 1234 veritati
696 1185 929 1248 relinqui,
946 1184 1184 1247 deinceps
1202 1187 1370 1230 omnia
1388 1185 1613 1232 tenebris
1629 1187 1838 1232 circum-

257 1274 310 1313 45
335 1260 447 1308 fusa
484 1274 593 1305 esse
630 1258 884 1304 dixerunt.
964 1256 1149 1319 Itaque
1184 1256 1434 1304 Arcesilas
1467 1257 1694 1321 negabat
1726 1273 1837 1304 esse

338 1332 617 1397 quidquam
647 1329 783 1392 quod
812 1332 924 1375 sciri
952 1335 1143 1392 posset,
1172 1343 1238 1374 ne
1266 1327 1391 1376 illud
1419 1328 1627 1392 quidem
1654 1332 1838 1393 ipsum,

338 1403 475 1469 quod
493 1401 724 1448 Socrates
744 1401 837 1446 sibi
854 1401 1142 1464 reliquisset
1166 1415 1177 1446 ι
1213 1402 1283 1446 sic
1301 1403 1471 1447 omnia
1485 1400 1649 1448 latere
1666 1416 1839 1448 cense-

337 1476 429 1523 bat
455 1477 508 1521 in
536 1472 751 1528 occulto,
779 1487 947 1534 neque
977 1487 1087 1518 esse
1115 1472 1393 1535 quidquam
1421 1472 1558 1535 quod
1585 1475 1722 1519 cerni
1750 1478 1840 1519 aut

338 1544 570 1608 intellegi
583 1548 758 1606 posset
780 1558 792 1599 ;
827 1543 1008 1606 quibus
1025 1543 1089 1590 de
1105 1545 1265 1589 causis
1281 1542 1405 1590 nihil
1419 1550 1655 1607 oportere
1670 1559 1839 1607 neque

338 1616 565 1681 profiteri
601 1630 770 1677 neque
808 1614 1074 1661 adfirmare
1111 1630 1421 1678 quemquam
1456 1631 1625 1679 neque
1661 1615 1840 1662 adsen-

340 1691 480 1736 sione
499 1686 797 1749 approbare,
815 1684 1154 1748 cohibereque
1172 1701 1373 1748 semper
1391 1692 1445 1733 et
1462 1686 1526 1733 ab
1544 1689 1680 1733 omni
1695 1686 1841 1750 lapsu

341 1761 602 1807 continere
630 1759 998 1812 temeritatem,
1028 1772 1159 1820 quae
1187 1764 1299 1803 tum
1329 1765 1464 1805 esset
1490 1761 1697 1822 insignis
1726 1775 1841 1805 cum

343 1836 433 1877 aut
461 1828 588 1875 falsa
618 1835 708 1875 aut
737 1831 996 1891 incognita
1024 1844 1104 1875 res
1136 1828 1519 1892 approbaretur,
1549 1846 1717 1893 neque
1746 1828 1842 1876 hoc

343 1901 620 1965 quidquam
660 1915 769 1945 esse
806 1903 1002 1962 turpius
1041 1916 1195 1962 quam
1231 1903 1506 1964 cognitioni
1545 1907 1598 1948 et
1633 1916 1842 1964 percep-

343 1975 465 2018 tioni
521 1971 873 2017 adsensionem
926 1971 1449 2035 approbationemque
1498 1988 1839 2035 praecurrere.

345 2042 476 2089 Huic
515 2044 699 2088 rationi
739 2042 875 2104 quod
917 2048 1027 2088 erat
1066 2049 1466 2089 consentaneum
1504 2041 1744 2100 faciebat,
1785 2050 1843 2091 ut

345 2119 519 2160 contra
535 2115 759 2158 omnium
779 2116 1061 2159 sententias
1081 2112 1331 2160 disserens
1349 2116 1402 2160 in
1422 2119 1554 2160 eam¹
1573 2113 1842 2178 plerosque

344 2183 639 2239 deduceret,
675 2189 735 2229 ut
771 2199 886 2230 cum
921 2186 974 2230 in
1011 2183 1192 2231 eadem
1226 2199 1282 2230 re
1317 2186 1460 2247 paria
1494 2187 1754 2232 contrariis
1791 2188 1842 2232 in

497 2312 513 2337 ²
543 2312 587 2351 in
609 2325 708 2352 eam
733 2310 921 2363 Madviq
939 2328 949 2353 ε
981 2311 1074 2353 dies
1095 2313 1184 2353 iam
1204 2313 1327 2353 codd.
1349 2312 1424 2364 (de
1443 2326 1524 2354 sua
1544 2313 1692 2364 unus).

398 2462 418 2483 ‘¹
448 2463 491 2501 ἐν
510 2459 625 2511 βυθῷ
644 2461 668 2509 ὴ
691 2461 861 2507 ἀλήθεια
881 2459 1013 2512 Diog.
1036 2459 1088 2501 L.
1112 2461 1168 2501 ix.
1189 2461 1259 2502 72.

349 2512 629 2612 Γήῡίἰῗλὲἒοᾶο
663 2516 742 2554 not
774 2527 883 2554 even
918 2512 1053 2554 know
1086 2513 1184 2554 that
1217 2514 1406 2566 nothing
1438 2527 1522 2555 can
1557 2514 1613 2556 be
1646 2513 1839 2557 known:

350 2637 446 2679 452
