1919 3006
219 966 270 1004 35

219 1731 271 1770 36

920 154 1172 203 CICERO

297 283 486 347 aliquid
516 287 784 347 perspicui,
816 301 990 331 verum
1021 284 1143 332 illud
1176 286 1382 349 quidem
1413 288 1711 349 impressum
1742 290 1791 334 in

297 371 464 415 animo
499 376 655 432 atque
689 376 881 424 mente,
917 385 1084 432 neque
1119 377 1295 417 tamen
1327 370 1380 418 id
1412 374 1602 434 percipi
1637 378 1793 435 atque

297 453 588 515 comprendi
613 470 774 516 posse.
845 453 958 512 Quo
985 458 1119 501 enirn
1143 455 1294 502 modo
1319 458 1583 518 perspicue
1608 457 1792 504 dixeris

297 537 467 584 album
503 554 612 585 esse
650 538 839 602 aliquid
873 556 987 585 cum
1022 543 1181 602 possit
1217 541 1443 588 accidere
1479 547 1539 588 ut
1570 541 1624 589 id
1658 541 1794 605 quod

296 625 496 685 nigrum
530 626 595 670 sit
629 623 800 670 album
834 640 944 671 esse
976 625 1225 681 videatur,
1260 632 1350 673 aut
1382 642 1482 689 quo
1513 626 1664 674 modo
1695 629 1795 673 ista

296 713 386 753 aut
421 711 687 771 perspicua
723 709 946 757 dicemus
985 717 1075 757 aut
1109 714 1354 773 impressa
1390 709 1644 758 subtiliter
1679 727 1793 757 cum

295 793 361 837 sit
390 795 641 840 incertum
672 810 790 841 vere
821 798 1106 841 inaniterne
1137 796 1444 842 moveatur?
1514 795 1596 842 Ita
1625 811 1793 858 neque

295 875 428 922 color
454 894 622 941 neque
651 895 829 941 corpus
857 896 951 927 nec
978 883 1164 927 veritas
1192 897 1285 927 nec
1314 886 1672 944 argumentum
1700 896 1793 927 nec

296 977 470 1009 sensus
495 979 662 1027 neque
685 968 1008 1027 perspicuum
1031 964 1190 1012 ullum
1212 965 1528 1029 relinquitur.
1596 964 1676 1012 Ex
1699 963 1794 1012 hoc

294 1045 417 1093 illud
434 1049 492 1094 iis
513 1065 606 1095 usu
625 1053 796 1097 venire
817 1050 946 1098 solet
965 1058 1023 1098 ut
1043 1051 1283 1115 quicquid
1301 1051 1523 1098 dixerint
1543 1066 1573 1096 a
1591 1050 1794 1113 quibus-

297 1130 414 1177 dam
443 1135 823 1197 interrogentur
846 1152 857 1182 :
906 1134 916 1152 ‘
940 1136 1076 1200 Ergo
1106 1139 1236 1182 istuc
1266 1135 1473 1199 quidem
1501 1134 1758 1198 percipis?
1781 1131 1794 1150 ’

294 1213 397 1263 Sed
424 1221 509 1280 qui
536 1221 611 1265 ita
636 1221 972 1284 interrogant,
1001 1221 1064 1267 ab
1091 1223 1150 1267 iis
1177 1220 1450 1267 irridentur
1473 1235 1484 1276 3
1531 1236 1632 1266 non
1659 1221 1794 1266 enim

295 1309 518 1364 urguent
542 1310 601 1350 ut
625 1313 905 1369 coarguant
929 1309 1186 1352 neminem
1211 1304 1314 1352 ulla
1338 1305 1402 1352 de
1426 1320 1482 1351 re
1506 1320 1653 1368 posse
1678 1321 1794 1351 con-

295 1386 508 1434 tendere
532 1405 626 1436 nec
651 1390 948 1437 adseverare
973 1394 1080 1437 sine
1106 1390 1274 1454 aliqua
1298 1393 1404 1437 eius
1427 1393 1499 1437 rei
1524 1406 1677 1453 quam
1700 1389 1792 1436 sibi

295 1474 508 1535 quisque
543 1473 744 1536 placere
781 1476 903 1522 dicit
938 1483 1078 1522 certa
1114 1482 1168 1522 et
1201 1478 1404 1538 propria
1437 1482 1574 1522 nota.
1644 1473 1792 1533 Quod

296 1563 376 1603 est
413 1561 568 1621 igitur
605 1562 736 1607 istuc
775 1567 1000 1607 vestrum
1038 1560 1341 1624 probabile?
1409 1559 1542 1606 Nam
1579 1562 1619 1606 si
1658 1559 1793 1622 quod

296 1645 478 1705 cuique
524 1647 740 1692 occurrit
785 1652 839 1692 et
883 1649 1044 1708 primo
1091 1649 1230 1709 quasi
1280 1652 1489 1708 aspectu
1533 1643 1793 1707 probabile

298 1727 497 1774 videtur
526 1729 579 1776 id
609 1730 950 1786 confirmatur,
983 1731 1105 1794 quid
1136 1747 1195 1777 eo
1225 1730 1383 1777 levius
1407 1731 1426 1776 ?
1493 1728 1579 1776 Sin
1610 1744 1673 1776 ex
1703 1732 1793 1776 cir-

296 1817 673 1875 cumspectione
700 1815 868 1878 aliqua
893 1822 946 1863 et
972 1823 1207 1862 accurata
1231 1815 1633 1862 consideratione
1658 1814 1794 1878 quod

296 1900 455 1944 visum
479 1902 545 1946 sit
567 1900 619 1947 id
642 1917 695 1947 se
719 1901 892 1948 dicent
914 1904 1074 1964 sequi,
1098 1908 1275 1948 tamen
1298 1903 1494 1948 exitum
1516 1916 1618 1946 non
1638 1898 1792 1946 habe-

294 1982 441 2039 bunt,
471 1988 689 2046 primum
721 1989 840 2049 quia
868 1989 926 2032 iis
957 1989 1071 2033 visis
1102 1989 1235 2033 inter
1265 2001 1397 2049 quae
1428 1984 1550 2031 nihil
1578 1988 1793 2032 interest

297 2069 578 2131 aequaliter
621 2072 852 2117 omnibus
897 2072 1170 2134 abrogatur
1213 2070 1337 2117 fides
1360 2086 1372 2126 3
1434 2069 1636 2126 deinde,
1678 2086 1792 2116 cum

296 2152 467 2201 dicant
499 2171 646 2217 posse
681 2157 907 2203 accidere
945 2159 1161 2218 sapienti
1191 2163 1250 2203 ut
1285 2172 1399 2202 cum
1423 2157 1592 2202 omnia
1613 2153 1793 2201 fecerit

296 2238 782 2304 diligentissimeque
851 2244 1265 2303 circumspexerit
1328 2243 1542 2287 exsistat
1604 2238 1792 2303 aliquid

296 2324 433 2386 quod
481 2332 535 2372 et
583 2329 687 2372 veri
736 2325 896 2373 simile
946 2327 1177 2373 videatur
1227 2332 1281 2372 et
1330 2325 1462 2372 absit
1503 2324 1790 2389 longissime

297 2424 327 2454 a
365 2424 501 2465 vero,
539 2425 605 2457 ne
644 2413 704 2457 si1
743 2427 982 2474 magnam
1021 2417 1221 2474 partem
1269 2410 1493 2474 quidem,
1531 2415 1590 2457 ut
1627 2408 1792 2457 solent

766 2513 783 2538 ¹
814 2527 867 2555 ne
887 2515 923 2554 si
948 2513 1073 2555 Mdv.
1091 2530 1103 2554 ε
1135 2515 1171 2554 si
1191 2514 1314 2555 codd.

301 2582 396 2623 512
