1919 3006
959 196 1212 245 CICERO

337 330 480 393 quasi
511 328 719 375 artificio
749 334 932 374 natura
960 326 1208 373 fabricata
1237 332 1373 373 esset
1400 325 1618 388 primum
1648 323 1832 373 animal

337 422 504 462 omne,
543 405 727 452 deinde
763 403 1021 451 hominem
1056 406 1295 460 maxime,
1334 419 1465 466 quae
1501 405 1573 450 vis
1611 410 1746 450 esset
1779 405 1832 450 in

338 485 583 539 sensibus,
615 499 767 546 quem
797 482 862 529 ad
889 482 1096 528 modum
1124 484 1285 544 primo
1314 484 1420 528 visa
1448 498 1537 528 nos
1565 479 1832 544 pellerent,

339 561 524 608 deinde
547 561 795 623 adpetitio
818 560 881 606 ab
902 558 979 606 his
999 558 1145 622 pulsa
1169 566 1486 622 sequeretur,
1506 563 1637 606 tum¹
1660 574 1834 606 sensus

340 639 405 685 ad
427 655 508 686 res
531 637 882 701 percipiendas
905 637 1302 684 intenderemus.
1374 636 1525 683 Mens
1551 639 1686 683 enim
1708 638 1835 699 ipsa,

341 732 471 779 quae
500 732 739 763 sensuum
765 714 876 761 fons
905 722 983 762 est
1011 721 1166 777 atque
1198 717 1354 761 etiam
1380 717 1508 777 ipsa²
1536 730 1712 761 sensus
1739 720 1835 770 est,

339 793 624 840 naturalem
663 796 763 839 vim
801 791 960 839 habet
999 809 1151 855 quam
1189 792 1412 839 intendit
1452 791 1516 838 ad
1555 807 1617 839 ea
1655 792 1836 855 quibus

339 879 585 918 movetur.
658 870 841 934 Itaque
880 869 977 916 alia
1012 873 1118 917 visa
1154 873 1222 917 sic
1261 873 1435 933 arripit
1471 877 1530 917 ut
1565 872 1624 916 iis
1662 872 1836 916 statim

339 956 531 1005 utatur,
561 948 657 994 alia
684 951 827 1012 quasi
853 948 1099 1004 recondit,
1128 964 1155 994 e
1184 948 1365 1011 quibus
1392 950 1636 994 memoria
1661 950 1837 1004 oritur,

339 1034 512 1074 cetera
557 1033 732 1073 autem
778 1025 1187 1072 similitudinibus
1235 1028 1498 1082 construit,
1545 1041 1608 1072 ex
1655 1025 1837 1089 quibus

338 1104 621 1151 efficiuntur
657 1107 870 1151 notitiae
908 1119 1094 1160 rerum,
1124 1120 1248 1166 quas
1287 1103 1469 1150 Graeci
1503 1109 1615 1150 tum
1643 1101 1838 1160 ἐννοίας,

338 1189 449 1229 tum
477 1182 741 1244 προλήψεις
769 1188 965 1228 vocant.
1035 1181 1110 1228 Eo
1139 1198 1254 1228 cum
1283 1184 1494 1228 accessit
1524 1183 1654 1228 ratio
1691 1196 1838 1244 argu-

337 1263 601 1322 mentique
639 1258 887 1306 conclusio
923 1274 1195 1322 rerumque
1230 1257 1673 1305 innumerabilium
1710 1257 1838 1305 mul·-

337 1337 522 1394 titudo,
553 1344 664 1384 tum
699 1343 752 1384 et
784 1339 1044 1399 perceptio
1076 1352 1250 1383 eorum
1283 1339 1507 1383 omnium
1538 1342 1751 1399 apparet
1784 1343 1839 1384 et

340 1415 520 1462 eadem
542 1418 672 1462 ratio
696 1412 928 1477 perfecta
949 1413 1024 1460 his
1048 1413 1288 1478 gradibus
1313 1414 1378 1461 ad
1400 1417 1703 1476 sapientiam
1724 1430 1838 1477 per-

260 1502 311 1543 31
340 1496 492 1540 venit.
563 1492 647 1539 Ad
672 1509 841 1538 rerum
866 1495 1022 1555 igitur
1048 1495 1312 1539 scientiam
1340 1494 1577 1555 vitaeque
1605 1498 1838 1539 constan·

338 1574 464 1617 tiam
504 1573 765 1633 aptissima
803 1587 917 1616 cum
957 1572 1022 1616 sit
1059 1586 1203 1616 mens
1241 1568 1474 1625 hominis,
1514 1568 1837 1632 amplectitur

337 1651 558 1694 maxime
597 1651 939 1711 cognitionem
978 1654 1032 1694 et
1068 1650 1219 1694 istam
1259 1646 1552 1709 κατάληψιν,
1589 1663 1742 1711 quam
1779 1654 1838 1694 ut

339 1726 444 1772 dixi
487 1726 698 1772 verbum
744 1741 772 1772 e
816 1725 969 1771 verbo
1015 1727 1359 1787 exprimentes
1403 1727 1837 1788 comprensionem

340 1803 581 1859 dicemus,
615 1820 729 1849 cum
761 1806 923 1865 ipsam
955 1818 1046 1865 per
1078 1818 1131 1849 se
1165 1809 1304 1849 amat
1336 1801 1478 1866 (nihil
1512 1805 1647 1849 enim
1679 1809 1758 1850 est
1790 1805 1836 1849 ei

340 1883 566 1928 veritatis
582 1880 693 1927 luce
711 1879 942 1943 dulcius),
959 1887 1069 1926 tum
1087 1882 1242 1926 etiam
1258 1887 1466 1943 propter
1481 1896 1642 1927 usum.
1701 1879 1838 1939 Quo-

341 1962 470 2005 circa
503 1965 557 2005 et
589 1959 817 2005 sensibus
851 1960 1012 2004 utitur
1047 1964 1100 2004 et
1134 1964 1268 2004 artes
1301 1958 1453 2004 efficit
1487 1960 1629 2021 quasi
1661 1973 1836 2005 sensus

342 2035 525 2083 alteros
564 2043 618 2083 et
654 2052 814 2098 usque
852 2052 911 2082 eo
948 2034 1315 2098 philosophiam
1351 2038 1512 2098 ipsam
1548 2036 1838 2083 corroborat

341 2121 400 2160 ut
431 2116 674 2160 virtutem
706 2113 905 2168 efficiat,
940 2129 1003 2159 ex
1037 2129 1137 2176 qua
1167 2129 1222 2159 re
1255 2129 1356 2159 una
1387 2115 1493 2159 vita
1523 2115 1683 2160 omnis
1716 2120 1838 2175 apta

342 2193 444 2239 sit.³
511 2191 646 2255 Ergo
673 2194 707 2237 ii
735 2193 822 2254 qui
849 2197 1042 2254 negant
1075 2193 1344 2253 quicquam
1371 2206 1518 2253 posse
1545 2190 1837 2253 comprendi

792 2309 809 2335 ¹
838 2313 934 2350 tum
956 2310 1021 2350 ed.
1042 2326 1052 2350 ε
1084 2313 1181 2349 tum
1201 2312 1252 2349 ut
1270 2309 1393 2350 codd.

926 2363 942 2388 ²
971 2365 1065 2415 ipse
1084 2363 1277 2403 Ernesti.

965 2418 983 2442 ⁸
1013 2421 1079 2458 est
1099 2417 1249 2457 Halm.

507 2560 527 2581 ‘⁸
555 2556 786 2608 Adpetitio
810 2557 844 2596 is
868 2555 1057 2596 Cicero's
1079 2557 1250 2595 version
1273 2553 1322 2595 of
1340 2556 1453 2606 ὁρμή,
1474 2566 1545 2595 see
1567 2554 1588 2606 §
1608 2557 1664 2595 24
1684 2567 1726 2597 n.

348 2619 443 2668 506
