1919 3006
268 931 319 972 91

970 170 1222 219 CICERO

346 317 466 347 vera
489 306 540 347 et
566 298 693 347 falsa
717 300 782 347 ad
806 303 958 346 animi
984 300 1254 347 adsensum
1278 299 1401 347 nihil
1422 304 1686 349 interesse.
1743 300 1844 349 Vos

347 385 520 425 autem
554 377 677 424 nihil
711 380 861 442 agitis
894 394 1009 424 cum
1042 377 1127 424 illa
1159 377 1286 425 falsa
1319 377 1399 425 vel
1431 377 1732 426 furiosorum
1764 377 1845 426 vel

345 458 706 503 somniantium
751 455 1101 502 recordatione
1147 459 1369 519 ipsorum
1414 454 1679 512 refellitis3
1742 472 1844 503 non

347 537 482 580 enim
534 533 587 580 id
640 536 918 597 quaeritur,
972 532 1132 596 qualis
1185 533 1468 580 recordatio
1522 534 1630 581 fieri
1683 532 1844 582 soleat

347 627 522 658 eorum
569 614 655 674 qui
704 614 989 674 experrecti
1035 614 1137 658 sint
1185 618 1275 658 aut
1323 628 1497 658 eorum
1544 614 1630 674 qui
1677 609 1846 658 furere

347 689 657 744 destiterint,
687 688 778 736 sed
807 687 966 752 qualis
996 691 1118 735 visio
1147 687 1303 735 fuerit
1333 696 1422 736 aut
1449 687 1730 736 furentium
1759 695 1849 735 aut

346 769 707 813 somniantium
751 773 863 813 tum
907 783 1023 813 cum
1066 767 1418 814 movebantur.
1498 765 1601 814 Sed
1645 767 1773 814 abeo
1818 782 1849 813 a

348 845 592 891 sensibus.

412 922 438 937 ‘⁴
456 921 592 980 Quid
608 928 687 969 est
703 921 840 985 quod
853 925 1051 969 ratione
1067 925 1258 985 percipi
1273 922 1463 985 possit?
1514 920 1847 969 Dialecticam

345 1003 607 1047 inventam
628 1015 738 1047 esse
759 1000 923 1047 dicitis
943 1003 1048 1046 veri
1070 1007 1123 1046 et
1142 998 1253 1046 falsi
1275 1003 1419 1063 quasi
1438 999 1849 1062 disceptatricem

349 1084 402 1124 et
435 1077 668 1124 iudicem.
738 1077 892 1124 Cuius
925 1081 1031 1124 veri
1067 1084 1121 1124 et
1153 1076 1282 1133 falsi,
1319 1084 1373 1124 et
1404 1080 1458 1123 in
1491 1093 1593 1140 qua
1624 1077 1722 1124 re?
1789 1076 1851 1123 In

347 1158 696 1219 geometriane
735 1155 857 1219 quid
893 1158 959 1202 sit
995 1171 1171 1202 verum
1209 1162 1298 1202 aut
1334 1153 1518 1202 falsum
1555 1154 1850 1202 dialecticus

346 1233 591 1280 iudicabit
612 1249 676 1279 an
690 1237 742 1279 in
759 1232 943 1280 litteris
965 1249 1028 1279 an
1043 1236 1096 1279 in
1114 1233 1346 1280 musicis?
1405 1233 1477 1279 At
1494 1248 1556 1279 ea
1573 1249 1675 1280 non
1689 1236 1845 1279 novit.

349 1310 410 1357 In
429 1310 744 1374 philosophia
762 1314 918 1375 igitur
940 1312 958 1357 ?
1011 1310 1095 1358 Sol
1115 1317 1335 1374 quantus
1355 1313 1422 1358 sit
1441 1310 1564 1374 quid
1583 1309 1649 1357 ad
1665 1309 1807 1357 illum
1829 1309 1848 1356 ?

349 1389 486 1452 quod
536 1392 602 1436 sit
653 1406 906 1436 summum
957 1389 1147 1435 bonum
1199 1388 1321 1451 quid
1370 1387 1530 1435 habet
1580 1394 1639 1435 ut
1690 1394 1848 1451 queat

346 1466 610 1513 iudicare?
680 1466 816 1525 Quid
848 1469 1004 1530 igitur
1037 1467 1322 1513 iudicabit?
1377 1482 1509 1529 quae
1543 1467 1848 1521 coniunctio,

351 1561 481 1608 quae
523 1545 765 1592 diiunctio
807 1561 927 1591 vera
966 1547 1049 1600 sit,
1091 1544 1213 1607 quid
1254 1544 1491 1607 ambigue
1533 1543 1726 1590 dictum
1766 1545 1848 1598 sit,

350 1622 472 1685 quid
513 1629 756 1686 sequatur
799 1638 1055 1685 quamque
1096 1638 1222 1677 rem,
1265 1621 1388 1684 quid
1427 1621 1723 1684 repugnet?
1797 1618 1848 1666 Si

348 1699 475 1747 haec
513 1707 567 1747 et
603 1699 782 1747 horum
821 1699 1001 1746 similia
1037 1700 1244 1755 iudicat,
1283 1699 1347 1746 de
1386 1715 1440 1745 se
1477 1701 1587 1761 ipsa
1621 1697 1849 1754 iudicat3

348 1777 460 1841 plus
494 1784 667 1825 autem
698 1777 1048 1841 pollicebatur,
1080 1794 1199 1823 nam
1230 1775 1356 1823 haec
1389 1776 1595 1839 quidem
1625 1775 1848 1823 iudicare

351 1856 415 1903 ad
438 1863 634 1903 ceteras
657 1872 738 1902 res
763 1871 893 1918 quae
919 1862 1038 1902 sunt
1061 1857 1110 1901 in
1136 1853 1451 1917 philosophia
1473 1852 1667 1900 multae
1692 1859 1848 1916 atque

277 1942 330 1982 92
351 1950 568 1997 magnae
603 1951 704 1980 non
739 1940 817 1980 est
852 1936 987 1979 satis.
1057 1931 1158 1979 Sed
1193 1935 1431 1996 quoniam
1465 1938 1669 1978 tantum
1701 1933 1754 1976 in
1788 1945 1850 1977 ea

351 2019 460 2058 arte
487 2015 690 2074 ponitis,
717 2011 888 2057 videte
915 2026 980 2057 ne
1007 2017 1183 2057 contra
1208 2026 1294 2056 vos
1321 2016 1434 2056 tota
1458 2015 1582 2055 nata
1607 2011 1689 2064 sit,
1716 2023 1848 2071 quae

349 2092 510 2152 primo
557 2105 825 2152 progressu
871 2087 1054 2135 festive
1101 2088 1259 2134 tradit
1307 2086 1564 2133 elementa
1608 2085 1847 2149 loquendi

351 2174 403 2213 et
431 2168 782 2225 ambiguorum
806 2164 1214 2229 intellegentiam
1234 2163 1668 2226 concludendique
1692 2165 1844 2209 ratio-

411 2324 428 2341 α
459 2318 541 2358 See
562 2321 579 2363 ἐ
624 2319 694 2363 26,
714 2319 785 2357 27.

409 2371 424 2395 δ
458 2375 535 2410 τῶν
549 2321 709 2418 affine&
727 2374 790 2409 καὶ
808 2372 960 2421 ψευδῶν
978 2371 1111 2419 λόγων
1130 2370 1401 2419 δια-γνωστική
1414 2366 1533 2408 Sext.
1546 2365 1663 2407 P.H.
1682 2368 1724 2406 ii.
1740 2368 1838 2406 5229.

413 2431 427 2449 ⁶
456 2425 540 2471 ἀρ..
571 2424 787 2472 dialectic,
826 2436 876 2464 or
919 2424 1067 2464 rather
1111 2425 1271 2473 λογική,
1306 2421 1450 2462 which
1489 2419 1695 2461 included
1733 2419 1841 2460 both

354 2481 594 2526 διαλεκτική,
612 2492 660 2519 or
675 2478 790 2531 logic
805 2478 850 2518 in
866 2477 940 2518 the
957 2477 1140 2518 modern
1156 2489 1295 2523 sense,
1313 2475 1400 2516 and
1417 2477 1614 2527 ῥητορική,
1633 2474 1841 2514 elementa

346 2533 554 2582 loquendi
574 2532 727 2572 below.

352 2612 445 2655 582
