1919 3006
815 698 1022 747 LIBER
1055 698 1350 748 TERTIUS

278 855 300 898 1
391 848 431 897 1.
468 849 613 908 Quae
642 866 757 898 cum
784 849 970 897 Balbus
1000 850 1228 906 dixisset,
1257 857 1369 897 tum
1398 850 1633 898 adridens
1663 848 1817 898 Cotta

326 929 355 948 “
374 930 495 978 Sero
515 931 725 996 ”inquit
741 931 768 948 “
788 931 911 978 mihi
929 931 1086 979 Balbe
1105 935 1351 995 praecipis
1372 932 1493 995 quid
1512 930 1784 979 defendam
1801 945 1816 988 ς

328 1029 423 1078 ego
450 1016 584 1060 enim
616 1020 671 1061 te
697 1014 991 1076 disputansse
1018 1015 1140 1077 quid
1164 1020 1339 1060 contra
1364 1014 1584 1061 dicerem
1615 1029 1815 1060 mecum

324 1098 432 1158 ipse
454 1095 757 1151 meditabar,
780 1111 947 1158 neque
971 1102 1078 1142 tam
1101 1094 1363 1142 refellendi
1388 1098 1464 1142 tui
1488 1111 1638 1142 causa
1661 1111 1815 1158 quam

326 1192 387 1223 ea
406 1193 536 1240 quae
555 1180 719 1223 minus
738 1176 1101 1241 intellegebam
1119 1177 1423 1240 requirendi.
1492 1176 1620 1223 Cum
1640 1183 1815 1223 autem

324 1274 413 1305 suo
440 1261 621 1321 cuique
646 1259 828 1305 iudicio
855 1261 920 1305 sit
946 1259 1212 1315 utendum,
1239 1257 1436 1306 difficile
1462 1256 1600 1305 factu
1628 1264 1707 1305 est
1730 1272 1814 1305 me

322 1339 376 1387 id
399 1343 586 1387 sentire
611 1341 748 1403 quod
770 1347 828 1387 tu
851 1339 1025 1386 velis.''

273 1426 301 1467 2
388 1420 485 1468 Hic
545 1420 765 1468 Velleius
827 1420 856 1437 “
882 1420 1055 1468 Nescis
1079 1420 1107 1437 ”
1167 1424 1334 1484 inquit
1394 1419 1423 1437 “
1446 1426 1640 1484 quanta
1698 1436 1813 1466 cum

325 1506 706 1565 exspectatione
754 1501 908 1549 Cotta
954 1506 1047 1549 sim
1101 1508 1156 1549 te
1210 1502 1487 1549 auditurus.
1557 1501 1811 1548 Iucundus

323 1587 459 1631 enim
507 1583 664 1631 Balbo
713 1591 884 1631 nostro
934 1600 1097 1631 sermo
1146 1590 1265 1631 tuus
1314 1589 1490 1630 contra
1538 1582 1811 1645 Epicurum

322 1664 421 1713 fuit
443 1681 455 1722 ;
498 1666 755 1728 praebebo
781 1669 936 1729 igitur
963 1682 1057 1729 ego
1083 1681 1165 1712 me
1192 1666 1285 1712 tibi
1311 1667 1526 1711 vicissim
1553 1671 1812 1711 attentum

324 1754 500 1794 contra
536 1746 728 1794 Stoicos
765 1747 1064 1794 auditorem.
1133 1745 1290 1810 Spero
1327 1749 1463 1793 enim
1498 1752 1554 1794 te
1589 1752 1648 1793 u'c
1683 1744 1812 1792 soles

320 1828 453 1876 bene
474 1836 710 1891 paratum
731 1827 955 1876 venire.”

272 1916 298 1957 3
385 1910 515 1957 Tum
567 1910 720 1957 Cotta
772 1909 800 1927 “
824 1909 904 1957 Sic
954 1908 1243 1956 mehercule
1267 1907 1296 1925 ”
1347 1911 1513 1972 inquit
1562 1906 1592 1925 ‘⁸
1615 1907 1813 1964 Vellei3

322 2007 489 2056 neque
517 1995 652 2039 enim
677 1990 800 2038 mihi
825 2008 917 2054 par
940 1994 1070 2038 ratio
1095 2007 1210 2038 cum
1237 1989 1428 2038 Lucilio
1455 1996 1534 2037 est
1558 2005 1616 2037 ac
1640 1995 1812 2037 tecum

319 2072 471 2121 fujt.”

384 2161 415 2184 “
438 2154 538 2213 Qui
557 2154 768 2202 tandem
791 2154 809 2201 ?
834 2153 862 2170 ''
883 2156 1048 2217 inquit
1067 2153 1166 2201 ille.

383 2235 413 2254 “
437 2236 569 2295 Quia
585 2235 708 2282 mihi
726 2236 925 2283 videtur
943 2235 1187 2298 Epicurus
1206 2240 1374 2281 vester
1391 2233 1456 2281 de
1475 2233 1550 2280 dis
1567 2235 1807 2280 inmorta-

320 2316 449 2365 libus
477 2335 578 2365 non
596 2333 906 2382 magnopere
929 2333 1158 2381 pugnare
1182 2333 1193 2362 ε
1229 2322 1433 2362 ‘cantum
1450 2314 1600 2362 modo
1618 2329 1807 2378 negare

321 2399 443 2446 deos
485 2415 593 2447 esse
634 2416 736 2446 non
776 2399 933 2445 audet
972 2413 1036 2444 ne
1078 2397 1200 2461 quid
1238 2397 1456 2444 invidiae
1495 2396 1678 2443 subeat
1717 2401 1808 2443 aut

319 2483 553 2528 criminis.
622 2479 750 2527 Cum
791 2495 909 2527 vero
951 2479 1071 2526 deos
1113 2477 1236 2525 nihil
1276 2494 1429 2543 agere
1469 2475 1593 2524 nihil
1631 2491 1806 2524 curare

325 2576 421 2624 286
