1919 3006
885 221 1138 270 CICERO

162 366 241 406 136
263 354 549 402 viderimus.
617 353 874 399 Atrocitas
907 351 1114 414 quidem
1144 354 1245 398 ista
1274 358 1367 399 tua
1397 369 1497 415 quo
1527 354 1679 401 modo
1709 357 1761 402 in

262 434 491 474 veterem
512 423 845 471 Academiam
866 425 1116 485 inruperit
1137 426 1305 469 nescio
1329 438 1341 478 ;
1381 422 1467 470 illa
1487 440 1606 471 vero
1628 423 1761 471 ferre

262 514 364 544 non
401 512 624 559 possum,
664 511 766 540 non
805 510 905 556 quo
944 492 1066 539 mihi
1107 493 1406 556 displiceant
1446 494 1586 556 (sunt
1625 498 1761 542 enim

262 569 517 616 Socratica
533 565 777 628 pleraque
792 563 1041 610 mirabilia
1059 563 1358 620 Stoicorum,
1375 581 1505 627 quae
1521 566 1760 629 παράδοξα

261 638 624 700 nominantur),
649 636 739 683 sed
761 636 848 682 ubi
870 636 1203 691 Xenocrates,
1226 636 1313 682 ubi
1336 635 1639 684 Aristoteles
1661 640 1762 684 ista

260 714 437 774 tetigit
483 708 593 772 (hos
637 710 771 754 enim
819 709 961 769 quasi
1009 707 1215 753 eosdem
1263 723 1372 754 esse
1419 707 1632 771 vultis)?
1691 707 1762 754 illi

260 797 504 845 umquam
529 779 758 826 dicerent
783 780 1039 840 sapientes
1065 776 1192 824 solos
1217 794 1382 841 reges,
1407 777 1536 825 solos
1561 778 1762 833 divites,

262 853 390 901 solos
423 850 685 905 formosos,
719 852 889 896 omnia
923 864 1054 911 quae
1089 849 1278 911 ubique
1313 856 1485 896 essent
1518 852 1762 912 sapientis

263 941 390 979 esse,
437 924 695 968 neminem
742 919 1000 966 consulem
1045 926 1336 982 praetorem
1382 923 1761 983 imperatorem,

261 998 429 1043 nescio
462 1009 526 1039 an
555 1008 620 1038 ne
652 994 1040 1054 quinquevirum
1072 990 1278 1053 quidem
1310 1007 1637 1054 quemquam,
1667 994 1758 1038 nisi

262 1070 564 1130 sapientem,
605 1070 863 1126 postremo
905 1061 1067 1108 solum
1107 1065 1286 1117 civem,
1327 1061 1488 1109 solum
1527 1061 1762 1118 liberum,

260 1137 557 1196 insipientes
595 1146 769 1177 omnes
800 1132 1113 1193 peregrinos,
1144 1129 1360 1185 exsules,
1393 1146 1579 1185 servos,
1611 1128 1763 1176 furio-

261 1206 377 1254 sos?
431 1205 652 1265 denique
699 1204 903 1263 scripta1
953 1198 1190 1263 Lycurgi,
1237 1199 1448 1258 Solonis,
1495 1201 1762 1248 duodecim

260 1276 461 1325 tabulas
483 1281 680 1320 nostras
703 1289 805 1318 non
828 1287 937 1317 esse
959 1270 1099 1335 leges
1123 1272 1141 1317 ?
1182 1287 1248 1318 ne
1270 1272 1421 1318 urbes
1443 1272 1650 1336 quidem
1674 1279 1764 1318 aut

158 1361 234 1400 137
261 1351 493 1395 civitates
532 1347 627 1391 nisi
666 1359 797 1406 quae
838 1349 1010 1389 essent
1049 1343 1397 1404 sapientium?
1469 1342 1613 1389 Haec
1651 1343 1764 1398 tibi,

263 1417 490 1472 Luculle,
524 1419 564 1462 si
599 1431 651 1461 es
686 1414 928 1460 adsensus
961 1411 1214 1460 Antiocho
1247 1411 1482 1459 familiari
1513 1420 1621 1469 tuo,
1654 1421 1763 1460 tam

263 1497 382 1537 sunt
424 1485 750 1535 defendenda
792 1501 945 1547 quam
986 1487 1206 1539 moenia,
1247 1483 1371 1530 mihi
1414 1491 1588 1532 autem
1629 1485 1763 1532 bono

261 1560 412 1608 modo
435 1565 640 1605 tantum
665 1563 915 1618 quantum
938 1555 1209 1602 videbitur.

326 1630 482 1678 XLV.
520 1628 547 1645 “
575 1628 703 1691 Legi
737 1627 873 1690 apud
905 1624 1293 1682 Clitomachum,
1325 1643 1442 1673 cum
1473 1625 1763 1673 Carneades

264 1711 320 1751 et
343 1701 539 1749 Stoicus
565 1700 825 1762 Diogenes
850 1697 916 1744 ad
939 1704 1174 1744 senatum
1197 1700 1250 1742 in
1274 1695 1524 1759 Capitolio
1548 1703 1764 1752 starent,

265 1777 326 1823 A.
339 1773 582 1822 Albinum
599 1774 685 1834 qui
701 1777 812 1816 tum
822 1768 876 1815 P.
888 1768 1120 1831 Scipione
1131 1775 1185 1815 et
1202 1768 1276 1815 M.
1291 1767 1535 1814 Marcello
1551 1766 1764 1815 consuli-

264 1847 358 1891 bus
373 1850 579 1907 praetor
597 1848 748 1896 esset,
760 1857 877 1887 eum
893 1843 979 1902 qui
995 1856 1110 1886 cum
1127 1855 1219 1885 avo
1234 1845 1343 1894 tuo,
1355 1837 1765 1894 Luculle,consul

264 1916 379 1971 fuit,
407 1915 614 1962 doctum
641 1928 762 1959 sane
789 1910 1047 1957 hominem
1074 1916 1133 1957 ut
1158 1909 1349 1956 indicat
1375 1912 1530 1972 ipsius
1556 1907 1766 1956 historia

265 1990 453 2049 scripta
495 1985 707 2038 Graece,
749 1986 1004 2028 iocantem
1046 1980 1231 2027 dixisse
1274 1979 1558 2026 Carneadi:
1619 1979 1630 1996 ‘
1654 1979 1766 2043 Ego

265 2059 376 2114 tibi,
402 2054 683 2109 Carneade,
708 2060 914 2116 praetor
941 2067 1050 2098 esse
1076 2067 1177 2098 non
1203 2051 1375 2097 videor
1400 2049 1541 2114 [quia
1565 2053 1766 2113 sapiens

762 2171 778 2195 ²
808 2172 1078 2222 praescripta
1099 2172 1119 2210 ,9
1138 2169 1268 2209 Reid.

325 2307 344 2326 ⁰
371 2301 477 2340 This
499 2301 535 2339 is
558 2298 674 2338 done
695 2299 740 2337 in
763 2297 838 2337 the
863 2296 1083 2336 Tusculan
1107 2295 1432 2347 Disputations.

328 2355 344 2380 δ
374 2356 458 2402 i.e.‚
480 2352 608 2394 allow
629 2365 718 2404 you
738 2355 784 2391 to
803 2350 1001 2391 advance
1020 2349 1157 2390 them.

330 2415 344 2433 ⁶
373 2409 494 2448 With
519 2405 738 2447 Critolaus
760 2405 867 2457 they
889 2417 1015 2444 came
1039 2418 1096 2444 on
1120 2417 1178 2443 an
1202 2402 1411 2456 embassy
1431 2402 1548 2443 from
1573 2401 1759 2451 Athens,

274 2467 352 2541 ¹53
373 2476 480 2556 ξζξιῖε
510 2512 821 2565 interpolation
851 2510 987 2563 spoils
1016 2511 1091 2551 the
1114 2509 1237 2562 joke‚
1269 2510 1411 2550 which
1441 2513 1567 2550 turns
1597 2522 1655 2549 on
1684 2508 1760 2550 the

270 2567 628 2612 Academician's
646 2566 845 2608 doctrine
864 2565 914 2606 of
928 2565 1004 2606 the
1023 2566 1304 2618 uncertainty
1323 2563 1374 2606 of
1387 2562 1450 2604 au
1466 2563 1633 2616 things.

267 2633 364 2683 644
