1919 3006
939 170 1190 219 CICERO

317 305 582 356 minandas
624 311 764 367 puto.
837 302 932 349 Est
974 304 1109 348 enim
1157 302 1438 346 animorum
1478 300 1813 362 ingeniorum-

319 410 418 457 que
457 389 688 438 naturale
726 389 981 452 quoddam
1024 389 1167 450 quasi
1203 385 1446 448 pabulum
1482 384 1816 431 consideratio
1862 384 1866 414 ἶ
1895 378 1907 399 ‘

319 476 786 539 contemplatioque
841 481 1090 528 naturae3
1145 474 1400 534 erigimur,
1455 469 1657 517 altiores
1709 469 1816 537 fieri

320 565 566 618 videmur,
601 561 825 607 humana
857 560 1178 622 despicimus,
1215 560 1603 621 cogitantesque
1635 572 1818 619 supera

320 657 476 712 atque
498 647 738 694 caelestia
761 645 887 692 haec
913 652 1086 691 nostra
1109 651 1166 690 ut
1191 646 1378 707 exigua
1400 650 1454 690 et
1476 645 1686 689 minima
1706 658 1822 689 con-

322 738 612 782 temnimus.
686 732 955 794 Indagatio
991 734 1100 793 ipsa
1133 746 1303 776 rerum
1339 746 1453 776 cum
1487 732 1824 776 maximarum

321 828 432 867 turn
483 822 640 865 etiarn
690 816 1139 864 occultissimarum
1186 813 1345 861 habet
1394 813 1825 870 oblectationem3

323 909 363 952 si
405 921 523 951 vero
566 903 756 966 aliquid
796 905 1011 949 occurrit
1052 901 1189 964 quod
1229 903 1329 947 veri
1374 899 1534 947 simile
1575 901 1826 957 videatur,

218 1001 296 1042 128
322 991 684 1037 humanissima
713 987 996 1050 completur
1028 990 1223 1033 animus
1254 986 1532 1049 voluptate.
1597 985 1827 1044 Quaeret

321 1080 479 1141 igitur
501 1075 628 1121 haec
654 1082 706 1121 et
731 1081 900 1120 vester
925 1077 1124 1136 sapiens
1151 1079 1203 1119 et
1227 1072 1306 1119 hic
1330 1079 1519 1128 noster,
1545 1073 1634 1120 sed
1658 1080 1827 1119 vester

323 1168 382 1208 ut
421 1160 738 1207 adsentiatur
777 1158 953 1205 credat
993 1158 1244 1213 adfirmet,
1284 1164 1457 1204 noster
1494 1164 1553 1204 ut
1591 1164 1828 1204 vereatur

325 1254 521 1292 temere
559 1247 749 1307 opinari
788 1242 1149 1306 praeclareque
1187 1246 1268 1306 agi
1305 1259 1477 1289 secum
1512 1249 1664 1306 putet
1699 1244 1741 1289 si
1775 1244 1827 1288 in

326 1335 432 1378 eius
458 1331 594 1377 modi
620 1331 771 1376 rebus
797 1332 901 1375 veri
927 1328 1088 1376 simile
1113 1329 1249 1391 quod
1273 1331 1339 1375 sit
1362 1331 1628 1375 invenerit.

390 1416 666 1463 Veniamus
683 1431 816 1461 nunc
834 1415 899 1461 ad
912 1416 1161 1461 bonorum
1177 1413 1525 1477 malorumque
1543 1417 1829 1462 notionem:

329 1508 401 1549 at1
421 1501 629 1565 paulum
642 1507 762 1547 ante
775 1501 1045 1547 dicendum
1058 1507 1151 1547 est.
1205 1499 1319 1546 Non
1329 1499 1451 1545 mihi
1463 1500 1699 1547 videntur
1714 1515 1830 1546 con-

329 1587 549 1634 siderare
569 1591 703 1633 cum2
721 1588 821 1631 ista
838 1584 984 1632 valde
1006 1584 1277 1632 adfirmant
1295 1601 1469 1631 earum
1488 1588 1644 1632 etiam
1659 1602 1829 1632 rerum

329 1675 689 1720 auctoritatem
716 1674 755 1717 si
783 1687 914 1733 quae
941 1670 1252 1717 inlustriores
1279 1670 1547 1718 videantur
1574 1674 1827 1718 amittere.

328 1757 443 1804 Non
475 1759 609 1803 enim
640 1759 801 1820 magis
834 1756 1190 1802 adsentiuntur
1221 1771 1314 1802 nec
1347 1756 1631 1819 adprobant
1660 1755 1829 1803 lucere

328 1859 459 1889 nunc
484 1858 637 1904 quam
661 1858 773 1887 cum
798 1843 970 1887 cornix
993 1844 1233 1887 cecinerit
1256 1847 1366 1887 tum
1391 1840 1580 1904 aliquid
1603 1857 1716 1888 eam
1741 1847 1830 1888 aut

328 1928 503 1974 iubere
546 1933 635 1973 aut
676 1933 868 1981 vetare,
909 1941 1003 1972 nec
1043 1929 1204 1990 magis
1247 1926 1589 1974 adfirmabunt
1629 1930 1828 1991 signum

329 2011 451 2059 illud
489 2014 529 2058 si
569 2018 718 2058 erunt
757 2013 917 2057 mensi
957 2026 1046 2057 sex
1084 2011 1274 2073 pedum
1314 2026 1423 2057 esse
1463 2027 1616 2074 quam
1654 2010 1830 2066 solem,

330 2112 482 2158 quem
522 2098 689 2142 metiri
730 2112 830 2141 non
869 2102 1098 2158 possunt,
1137 2094 1249 2158 plus
1288 2112 1441 2159 quam
1481 2096 1828 2160 duodeviginti

330 2183 557 2243 partibus
595 2184 837 2227 maiorem
877 2197 986 2227 esse
1025 2198 1177 2243 quam
1215 2188 1419 2228 terram.
1492 2182 1570 2228 Ex
1609 2198 1709 2245 quo
1744 2177 1829 2228 illa

329 2266 578 2313 conclusio
620 2268 876 2311 nascitur:
936 2268 976 2312 si
1017 2264 1088 2312 sol
1131 2273 1351 2328 quantus
1392 2268 1458 2313 sit
1497 2269 1687 2330 percipi
1727 2282 1828 2313 non

329 2357 517 2413 potest,
556 2353 642 2414 qui
680 2359 876 2397 ceteras
913 2366 993 2397 res
1033 2351 1212 2398 eodem
1250 2351 1402 2398 modo
1439 2368 1539 2415 quo
1575 2355 1828 2416 magnitu-

854 2459 867 2482 1
899 2462 945 2497 at
964 2457 1108 2498 Reid:
1141 2462 1186 2499 et
1204 2459 1327 2499 codd.

687 2510 706 2536 ²
734 2526 834 2551 cum
858 2511 1001 2552 Reid:
1035 2525 1137 2552 cum
1160 2512 1332 2564 physici
1351 2513 1475 2554 codd.

332 2576 430 2624 0'32
