1919 3006
285 528 337 567 35

985 184 1238 233 CICERO

361 318 506 378 primi
526 314 749 361 Platonis
767 316 1018 360 rationem
1036 317 1498 377 auctoritatemque
1515 320 1859 377 susceperant,

363 391 415 429 et
458 389 573 445 post
616 397 699 428 eos
743 380 950 428 Polemo
993 388 1047 428 et
1089 381 1266 428 Crates
1309 397 1513 445 unaque
1554 381 1769 428 Crantor
1809 385 1861 428 in

361 450 640 497 Academia
667 451 963 512 congregati
991 448 1264 512 diligenter
1292 464 1353 495 ea
1379 464 1512 512 quae
1540 465 1570 496 a
1596 451 1861 511 superiori-

362 518 455 564 bus
496 523 800 578 acceperant
838 516 1132 563 tuebantur.
1208 516 1317 562 Iam
1357 515 1684 563 Polemonem
1723 516 1862 563 audi-

364 591 542 631 verant
581 584 792 630 adsidue
831 583 967 630 Zeno
1008 590 1062 630 et
1100 583 1387 639 Arcesilas3
1444 583 1535 631 sed
1573 583 1709 630 Zeno
1748 599 1863 630 cum

363 651 641 698 Arcesilam
688 653 909 697 anteiret
955 657 1129 697 aetate
1173 650 1423 714 valdeque
1468 650 1723 698 subtiliter
1767 651 1864 698 dis·-

362 726 557 765 sereret
583 725 637 765 et
661 725 905 780 peracute
938 725 1246 774 moveretur,
1272 721 1522 781 corrigere
1548 725 1758 765 conatus
1787 724 1865 764 est

363 786 692 848 disciplinam.
761 785 889 831 Earn
923 801 1144 848 quoque,
1177 788 1218 831 si
1250 786 1468 842 videtur,
1501 788 1865 832 correctionem

365 853 645 916 explicabo,
679 855 809 899 sicut
842 852 1039 899 solebat
1072 851 1406 899 Antiochus.’'
1473 851 1501 868 “
1529 852 1660 899 Mihi
1692 850 1864 908 vero,”

363 924 589 983 inquam,
651 919 678 935 “
704 921 923 976 videtur,
985 920 1122 983 quod
1182 920 1322 968 vides
1383 919 1519 967 idem
1581 919 1864 983 significare

364 985 751 1050 Pomponium.'’

426 1055 489 1101 X.
528 1053 712 1101 “Zeno
746 1057 902 1117 igitur
934 1053 1071 1100 nullo
1102 1053 1254 1100 modo
1283 1056 1323 1100 is
1355 1060 1466 1100 erat
1498 1056 1584 1117 qui
1613 1060 1672 1100 ut
1703 1052 1865 1100 Tbeo-

365 1121 600 1185 phrastus
651 1137 830 1168 nervos
878 1124 1078 1167 virtutis
1125 1121 1376 1177 inciderit,
1421 1121 1512 1168 sed
1557 1127 1734 1168 contra
1780 1123 1865 1184 qui

363 1193 532 1236 omnia
575 1205 708 1252 quae
752 1189 817 1235 ad
858 1189 1067 1235 beatam
1111 1191 1268 1234 vitam
1310 1192 1629 1251 pertinerent
1671 1191 1723 1235 in
1765 1204 1867 1235 una

364 1260 553 1303 virtute
592 1262 809 1318 poneret
848 1272 941 1302 nec
983 1256 1262 1318 quidquam
1304 1255 1440 1302 aliud
1480 1262 1774 1302 numeraret
1813 1259 1865 1302 in

362 1324 524 1379 bonis,
545 1324 699 1386 idque
722 1323 1005 1386 appellaret
1024 1322 1315 1379 honestum,
1336 1323 1473 1386 quod
1495 1330 1631 1370 esset
1651 1322 1865 1386 simplex

286 1401 340 1442 36
365 1391 622 1454 quoddam
653 1397 707 1437 et
737 1391 898 1437 solum
930 1397 984 1437 et
1013 1407 1171 1437 unum
1201 1391 1406 1437 bonum.
1475 1389 1662 1437 Cetera
1691 1397 1866 1437 autem

287 1871 338 1910 37

364 1461 460 1505 etsi
487 1474 581 1504 nec
606 1458 740 1504 bona
766 1474 860 1504 nec
885 1457 1020 1504 mala
1047 1464 1235 1513 essent,
1261 1465 1438 1504 tamen
1464 1457 1562 1504 alia
1587 1457 1865 1505 secundum

364 1532 599 1572 naturam
636 1525 876 1581 dicebat,1
911 1524 1008 1571 alia
1043 1532 1258 1571 naturae
1292 1531 1421 1571 esse2
1453 1528 1739 1580 contraria3
1788 1524 1865 1572 his

365 1596 482 1655 ipsis
536 1593 634 1639 alia
683 1595 954 1639 interiecta
1005 1599 1059 1638 et
1109 1592 1280 1639 media
1329 1593 1649 1639 numerabat.
1718 1591 1865 1651 Quae

366 1667 541 1707 autem
583 1660 863 1706 secundum
906 1666 1142 1706 naturam
1187 1666 1376 1716 essent,
1419 1675 1482 1706 ea
1522 1659 1770 1707 sumenda
1813 1665 1866 1706 et

366 1727 588 1791 quadam
625 1730 983 1773 aestimatione
1020 1726 1279 1789 dignanda
1315 1726 1551 1783 docebat,
1587 1733 1866 1790 contraque

365 1797 633 1850 contraria,
669 1801 853 1840 neutra
889 1801 1063 1840 autem
1098 1797 1150 1840 in
1184 1793 1363 1840 mediis
1398 1793 1736 1857 relinquebat.
1806 1793 1866 1840 In

365 1862 546 1924 quibus
571 1861 797 1924 ponebat
821 1860 944 1907 nihil
968 1864 1171 1907 omnino
1197 1877 1307 1908 esse
1330 1865 1595 1917 momenti,
1619 1861 1711 1908 sed
1734 1877 1866 1924 quae

367 1935 538 1975 essent
569 1929 853 1984 sumenda,³
887 1944 949 1974 ex
985 1931 1043 1975 iis
1077 1928 1174 1974 alia
1202 1928 1357 1991 pluris
1390 1944 1500 1975 esse
1531 1928 1865 1984 aestimanda,

366 1996 463 2042 alia
494 1999 698 2042 minoris
723 2012 734 2041 ι
786 2011 918 2058 quae
950 1995 1104 2058 pluris
1140 2012 1201 2042 ea
1232 1999 1523 2059 praeposita
1555 1995 1865 2059 appellabat,

364 2066 555 2109 reiecta
576 2069 750 2109 autem
772 2079 904 2125 quae
923 2066 1144 2109 minoris.
1214 2064 1389 2126 Atque
1410 2069 1469 2110 ut
1488 2062 1615 2109 haec
1635 2079 1736 2109 non
1756 2069 1864 2110 tam

364 2131 513 2177 rebus
545 2147 698 2193 quam
728 2130 980 2177 vocabulis
1011 2136 1432 2186 commutaverat,
1461 2133 1531 2177 sic
1559 2133 1694 2177 inter
1721 2137 1862 2177 recte

448 2206 464 2230 1
492 2205 760 2246 Lambinus:
793 2205 984 2246 docebat
1003 2207 1126 2246 codd.
1391 2207 1407 2231 ²
1437 2206 1564 2258 [esse]
1587 2206 1782 2248 Ernesti.

511 2261 528 2285 ³
558 2259 803 2300 sumenda:
837 2260 984 2300 media
1003 2260 1190 2301 Davz‘esz
1222 2268 1357 2305 <non>
1377 2260 1594 2301 sumenda
1609 2261 1710 2301 ?ed.

424 2329 443 2349 ⁰
472 2328 518 2363 τὸ
541 2328 678 2364 καλὸν.

428 2376 444 2401 ⁶
476 2377 699 2418 Sumenda
720 2378 755 2418 is
774 2376 1009 2429 carelessly
1030 2381 1112 2430 put
1132 2376 1201 2418 for
1221 2377 1585 2419 neutra—unless
1605 2377 1763 2418 indeed
1785 2378 1860 2420 the

367 2435 457 2472 text
475 2431 633 2472 should
655 2431 710 2472 be
729 2431 952 2471 corrected
972 2431 1034 2484 by
1054 2433 1268 2484 inserting
1288 2431 1315 2448 ‘⁸
1329 2436 1404 2472 not
1423 2435 1470 2472 to
1490 2431 1545 2473 be
1564 2431 1775 2473 chosen.’'

428 2491 442 2510 ⁶
470 2487 556 2533 i.e.,
590 2485 640 2527 of
669 2487 815 2526 minus
848 2484 992 2533 value,
1023 2487 1068 2525 in
1104 2484 1265 2538 grades
1289 2485 1341 2526 of
1367 2484 1706 2538 undesirability
1723 2502 1733 2526 ε
1771 2485 1857 2527 this

366 2540 630 2592 inaccuracy
650 2551 804 2580 occurs
823 2540 868 2580 in
887 2539 962 2580 the
982 2538 1131 2581 Greek
1149 2539 1423 2582 authorities.

372 2610 465 2651 444
