1899 3006
475 727 572 785 M.
623 726 960 786 TULLII
1008 725 1521 786 CICERONIS

471 829 602 889 DE
651 829 1059 889 NATURA
1105 829 1525 888 DEORUM

755 952 841 992 AD
874 953 940 994 M.
974 952 1242 993 BRUTUM

745 1048 950 1094 LIBER
988 1048 1254 1096 PRIMUS

206 1193 227 1234 1
319 1181 359 1228 I.
395 1181 524 1228 Cum
576 1178 770 1225 multae
821 1194 902 1225 res
953 1181 1006 1224 in
1056 1177 1374 1241 philosophia
1424 1196 1748 1243 nequaquam

253 1266 375 1310 satis
410 1260 574 1308 adhuc
607 1259 892 1323 explicatae
926 1262 1045 1315 sint,
1078 1267 1190 1306 tum
1221 1259 1542 1322 perdifficilis,
1573 1260 1750 1318 Brute,

254 1344 390 1408 quod
418 1351 478 1390 tu
505 1344 714 1388 minime
742 1344 962 1404 ignoras,
993 1348 1046 1387 et
1073 1342 1380 1403 perobscura
1408 1345 1639 1405 quaestio
1670 1349 1749 1390 est

252 1426 318 1473 de
355 1431 540 1471 natura
577 1423 806 1477 deorum,
846 1438 978 1485 quae
1018 1429 1071 1468 et
1110 1423 1176 1469 ad
1212 1426 1556 1486 cognitionem
1594 1427 1747 1470 animi

252 1504 590 1570 pulcherrima
626 1510 705 1550 est
741 1510 796 1550 et
828 1503 893 1550 ad
927 1503 1292 1551 moderandam
1327 1503 1624 1568 religionem
1659 1521 1747 1552 ne-

251 1589 483 1634 cessaria.
553 1585 634 1631 De
677 1601 777 1647 qua
823 1591 931 1631 tam
973 1588 1141 1631 variae
1183 1592 1303 1632 sunt
1343 1585 1745 1632 doctissimorum

249 1667 511 1715 hominum
535 1673 746 1729 tamque
772 1666 1119 1728 discrepantes
1144 1669 1452 1722 sententiae,
1476 1673 1535 1714 ut
1558 1684 1745 1731 magno

250 1754 554 1813 argumento
580 1763 689 1793 esse
715 1747 906 1793 debeat
938 1763 1142 1793 causam
1167 1754 1221 1794 et
1252 1750 1554 1810 principium
1586 1747 1745 1810 philo-

248 1828 455 1892 sophiae
475 1845 585 1875 esse
609 1831 945 1883 inscientiam,
961 1828 1344 1891 prudenterque
1360 1829 1691 1876 Academicos
1715 1845 1745 1876 a

247 1912 399 1958 rebus
417 1913 622 1956 incertis
643 1910 995 1956 adsensionem
1014 1908 1296 1956 cohibuisse
1320 1926 1330 1956 :
1369 1911 1491 1973 quid
1510 1917 1590 1957 est
1608 1914 1742 1957 enim

249 1994 545 2039 temeritate
603 1990 842 2053 turpius?
921 1997 1011 2037 aut
1070 1991 1192 2054 quid
1250 1997 1357 2038 tam
1415 1994 1742 2038 temerarium

248 2080 458 2136 tamque
507 2071 773 2135 indignum
823 2074 1066 2133 sapientis
1116 2075 1370 2135 gravitate
1421 2079 1577 2135 atque
1627 2089 1742 2119 con-

247 2157 438 2201 stantia
467 2169 621 2215 quam
651 2159 742 2199 aut
770 2151 953 2198 falsum
983 2156 1172 2199 sentire
1204 2160 1294 2199 aut
1324 2154 1460 2216 quod
1489 2169 1590 2200 non
1619 2156 1741 2200 satis

248 2233 510 2297 explorate
566 2240 868 2296 perceptum
925 2236 991 2280 sit
1048 2240 1102 2279 et
1158 2237 1419 2297 cognitum
1475 2237 1583 2281 sine
1640 2233 1741 2280 ulla

197 2315 567 2363 2dubitatione
614 2312 933 2360 defendere?
1000 2313 1155 2360 Velut
1200 2318 1253 2360 in
1300 2313 1394 2361 hac
1441 2318 1738 2378 quaestione

246 2394 474 2458 plerique
502 2395 660 2457 (quod
685 2397 906 2440 maxime
934 2398 1038 2441 veri
1064 2394 1224 2441 simile
1252 2402 1331 2442 est
1358 2402 1412 2442 et
1438 2412 1538 2458 quo
1564 2411 1738 2442 omnes

264 2530 284 2551 ⁸
314 2525 378 2567 Or
396 2525 587 2578 perhaps
607 2524 620 2543 ⁸
639 2524 782 2567 which
801 2526 837 2566 is
855 2523 964 2565 both
984 2526 1034 2566 of
1048 2530 1240 2567 extreme
1258 2526 1470 2568 scientific
1488 2525 1696 2568 interest!

253 2596 284 2640 2
