1919 3006
944 177 1195 226 CICERO

324 313 487 354 artem
506 307 723 362 vivendi,
745 323 875 370 quae
901 310 1011 369 ipsa
1034 323 1097 353 ex
1116 323 1227 353 sese
1251 306 1442 354 habeat
1467 309 1820 354 constantiam.

323 394 399 441 Ea
447 402 621 442 autem
669 397 955 441 constantia
1001 397 1042 441 si
1087 393 1210 441 nihil
1256 393 1447 442 habeat
1492 397 1722 458 percepti
1770 400 1824 442 et

325 486 532 546 cogniti,
556 498 745 545 quaero
769 481 905 529 unde
928 488 1051 528 nata
1073 485 1139 529 sit
1163 489 1252 529 aut
1275 499 1375 545 quo
1397 482 1563 530 modo.
1621 481 1824 541 Quaero

328 574 500 626 etiam,
538 570 621 617 ille
658 573 731 616 vir
766 570 928 617 bonus
965 574 1052 633 qui
1089 573 1271 617 statuit
1307 587 1511 617 omnem
1547 572 1824 617 cruciatum

325 657 568 721 perferre,
595 658 900 705 intolerabili
927 658 1098 705 dolore
1124 658 1333 705 lacerari
1359 661 1527 721 potius
1555 674 1709 721 quam
1737 662 1826 704 aut

327 746 542 792 officium
577 746 761 808 prodat
798 753 887 793 aut
923 746 1093 802 fidem,
1130 764 1216 793 cur
1251 745 1341 793 has
1377 747 1470 793 sibi
1505 753 1613 793 tam
1647 760 1826 809 graves

327 834 466 897 leges
487 837 785 896 imposuerit
806 851 920 880 cum
942 851 1096 898 quam
1117 835 1181 880 ob
1201 850 1310 880 rem
1330 837 1405 881 ita
1424 839 1686 897 oporteret
1704 831 1828 879 nihil

327 920 543 968 haberet
588 921 955 985 comprehensi,
1000 925 1248 985 percepti,
1294 925 1501 986 cogniti,
1546 923 1825 969 constituti.

329 1009 478 1056 Nullo
522 1013 678 1073 igitur
719 1010 871 1057 modo
916 1010 1024 1057 fieri
1067 1017 1240 1073 potest
1284 1017 1342 1057 ut
1386 1013 1653 1074 quisquam
1695 1011 1830 1056 tanti

330 1101 569 1145 aestimet
602 1101 920 1161 aequitatem
954 1105 1007 1145 et
1039 1099 1193 1145 fidem
1225 1105 1284 1145 ut
1317 1101 1422 1145 eius
1456 1096 1830 1145 conservandae

329 1202 481 1232 causa
516 1186 709 1232 nullum
745 1186 1046 1249 supplicium
1080 1193 1299 1243 recuset,
1335 1189 1429 1233 nisi
1463 1188 1522 1232 iis
1557 1185 1707 1232 rebus
1744 1183 1830 1231 ad·

254 1281 309 1321 24
329 1289 503 1320 sensus
540 1277 605 1320 sit
640 1290 772 1337 quae
807 1272 964 1320 falsae
1001 1290 1111 1321 esse
1145 1291 1247 1321 non
1280 1277 1490 1337 possint.
1561 1273 1679 1336 Ipsa
1711 1288 1831 1320 vero

332 1364 583 1424 sapientia
626 1365 666 1408 si
710 1379 764 1409 se
808 1363 1063 1426 ignorabit
1106 1365 1358 1426 sapientia
1400 1365 1466 1409 sit
1508 1377 1688 1417 necne,
1731 1376 1832 1424 quo

331 1449 482 1497 modo
514 1453 733 1512 primum
767 1451 1020 1497 obtinebit
1052 1466 1239 1497 nomen
1271 1449 1594 1513 sapientiae?
1647 1448 1832 1496 deinde

333 1553 433 1600 quo
462 1538 613 1585 modo
643 1542 896 1601 suscipere
928 1539 1148 1602 aliquam
1176 1555 1285 1585 rem
1315 1545 1404 1585 aut
1434 1553 1587 1602 agere
1615 1537 1834 1584 fidenter

335 1625 545 1672 audebit
565 1643 678 1672 cum
699 1630 824 1673 certi
843 1626 966 1673 nihil
987 1630 1083 1673 erit
1103 1627 1239 1690 quod
1258 1633 1501 1690 sequatur
1524 1626 1542 1672 ?
1581 1642 1697 1672 cum
1715 1640 1834 1671 vero

335 1713 593 1760 dubitabit
631 1715 753 1777 quid
791 1718 857 1761 sit
896 1722 1184 1761 extremum
1224 1721 1278 1761 et
1315 1714 1550 1761 ultimum
1587 1714 1833 1760 bonorum

335 1804 570 1865 ignorans
623 1818 722 1865 quo
774 1806 942 1849 omnia
991 1801 1296 1858 referantur,
1347 1804 1433 1865 qui
1482 1803 1674 1865 poterit
1725 1815 1834 1847 esse

336 1890 627 1952 sapientia?
693 1891 868 1953 Atque
901 1893 1057 1937 etiam
1087 1890 1211 1937 illud
1240 1893 1562 1954 perspicuum
1593 1895 1689 1945 est,
1720 1905 1835 1935 con-

336 1980 480 2024 stitui
510 1993 717 2024 necesse
751 1994 860 2025 esse
890 1982 1091 2025 initium
1122 1979 1258 2041 quod
1288 1981 1539 2041 sapientia
1568 1993 1683 2024 cum
1713 1975 1836 2039 quid

338 2080 491 2128 agere
523 2068 732 2128 incipiat
765 2073 1024 2129 sequatur,
1057 2067 1211 2130 idque
1244 2069 1444 2113 initium
1478 2081 1588 2112 esse
1621 2071 1835 2111 naturae

339 2153 790 2200 accommodatum.
867 2153 999 2200 Nam
1043 2154 1189 2201 aliter
1231 2154 1479 2217 adpetitio
1522 2153 1658 2216 (eam
1700 2155 1835 2198 enim

339 2240 564 2287 volumus
594 2257 703 2288 esse
729 2241 918 2306 ὁρμήν),
945 2259 1046 2306 qua
1078 2242 1143 2289 ad
1170 2242 1425 2306 agendum
1450 2241 1754 2304 impellimur
1780 2245 1836 2287 et

338 2327 391 2375 id
429 2328 716 2392 adpetimus
755 2330 891 2392 quod
930 2337 1008 2376 est
1047 2333 1224 2385 w‘sum,
1261 2332 1452 2376 moveri
1489 2345 1590 2375 non
1626 2333 1836 2390 potest3

263 2424 316 2464 25
337 2416 460 2463 illud
493 2424 667 2464 autem
700 2418 835 2481 quod
867 2425 1039 2465 movet
1071 2421 1207 2481 prius
1241 2424 1445 2481 oportet
1476 2416 1651 2472 videri,
1684 2419 1833 2479 eique

339 2505 493 2560 credi,
531 2505 668 2568 quod
705 2505 813 2553 fieri
850 2523 952 2553 non
989 2513 1162 2569 potest
1198 2509 1239 2552 si
1276 2506 1328 2553 id
1365 2504 1502 2569 quod
1538 2507 1699 2551 visum
1737 2505 1836 2552 erit

344 2607 438 2657 498
