1919 3006
979 233 1230 282 CICERO

357 366 499 411 aiunt
527 370 616 410 aut
640 362 1067 419 Andromacham,
1093 380 1207 410 cum
1239 363 1291 410 id
1323 379 1412 410 nos
1444 379 1510 410 ne
1541 367 1851 427 suspicemur

354 451 593 515 quidem!
665 450 801 497 Nihil
837 467 1044 497 necesse
1083 458 1161 498 est
1197 451 1261 498 de
1298 458 1511 515 gustatu
1547 458 1602 499 et
1637 452 1852 500 odoratu

352 540 505 603 loqui,
535 542 588 586 in
618 540 799 602 quibus
830 539 1201 602 intellegentia,
1233 543 1330 586 etsi
1359 543 1556 596 vitiosa,
1589 547 1668 587 est
1697 557 1852 604 quae-

354 628 471 674 dam
488 635 678 674 tamen.
732 626 869 686 Quid
886 626 950 674 de
968 634 1129 683 tactu,
1150 634 1203 674 et
1222 643 1281 674 eo
1301 627 1508 690 quidem
1525 644 1678 691 quem
1695 627 1854 690 philo-

354 714 497 778 sophi
531 718 825 762 interiorem
859 722 1060 771 vocant,
1097 722 1186 762 aut
1221 715 1402 762 doloris
1439 722 1529 763 aut
1562 715 1855 780 voluptatis,

354 807 407 850 in
433 820 533 867 quo
562 802 827 867 Cyrenaici
853 803 958 849 solo
985 810 1173 865 putant
1200 806 1305 850 veri
1333 819 1443 850 esse
1470 803 1711 851 iudicium
1738 807 1856 868 quia

355 891 646 938 sentiatur?
721 890 967 938 Potestne
1008 894 1164 954 igitur
1205 894 1473 954 quisquam
1513 891 1682 939 dicere
1720 894 1855 939 inter

355 996 472 1026 eum
511 982 596 1042 qui
636 978 808 1026 doleat
849 986 902 1026 et
940 982 1074 1025 inter
1114 995 1231 1025 eum
1271 982 1358 1042 qui
1394 982 1448 1026 in
1485 979 1749 1043 voluptate
1787 983 1853 1027 sit

352 1066 475 1114 nihil
509 1070 775 1123 interesse,
813 1074 903 1114 aut
938 1070 1012 1114 ita
1049 1070 1135 1130 qui
1171 1070 1361 1114 sentiat
1397 1084 1500 1114 non
1535 1070 1851 1131 apertissime

275 1167 321 1204 il
350 1158 569 1202 insaniat
591 1155 610 1201 ?
667 1155 829 1218 Atqui
852 1155 1021 1218 qualia
1043 1161 1162 1202 sunt
1184 1154 1311 1202 11366
1334 1171 1466 1219 quae
1488 1156 1716 1203 sensibus
1738 1172 1852 1219 per-

353 1246 450 1307 cipi
491 1243 719 1299 dicimus,
761 1243 885 1289 talia
925 1249 1165 1290 secuntur
1207 1259 1269 1290 ea
1309 1259 1441 1306 quae
1482 1260 1583 1290 non
1622 1244 1851 1290 sensibus

351 1334 469 1395 ipsis
510 1334 698 1394 percipi
743 1330 980 1378 dicuntur
1020 1331 1112 1378 sed
1152 1331 1373 1394 quodam
1412 1331 1564 1379 modo
1604 1332 1850 1388 sensibus,

350 1426 409 1467 ut
431 1418 588 1466 haec:
633 1419 643 1435 ‘
665 1418 798 1466 Illud
823 1425 902 1466 est
927 1418 1115 1475 album,
1139 1418 1235 1466 hoc
1259 1418 1423 1476 dulce,
1448 1435 1687 1466 canorum
1710 1419 1851 1478 illud,

349 1507 443 1555 hoc
462 1507 596 1554 bene
617 1506 775 1563 olens,
795 1505 890 1554 hoc
912 1505 1180 1570 asperum.’
1235 1507 1420 1554 Animo
1440 1510 1543 1554 iam
1560 1506 1689 1555 11366
1706 1513 1851 1555 tene·

348 1611 460 1643 mus
505 1594 887 1658 comprehensa,
932 1612 1034 1642 non
1077 1595 1321 1642 sensibus.
1401 1594 1412 1611 ⁴
1438 1595 1531 1643 Ille
1553 1593 1565 1611 ’
1610 1595 1848 1659 deinceps

348 1682 360 1701 ⁴
386 1699 545 1747 equus
596 1690 690 1739 est,
730 1683 813 1730 ille
861 1681 1033 1730 canis.'
1106 1682 1293 1730 Cetera
1338 1686 1493 1730 series
1540 1683 1726 1731 deinde
1772 1699 1850 1731 se·

348 1775 537 1835 quitur,
561 1774 754 1818 maiora
773 1777 1002 1827 nectens,
1022 1777 1080 1818 ut
1103 1769 1247 1827 11366,
1268 1787 1400 1834 quae
1425 1774 1569 1834 quasi
1588 1771 1848 1834 expletam

348 1875 518 1907 rerum
557 1858 1061 1922 comprehensionem
1101 1858 1514 1922 amplectuntur:
1572 1857 1583 1875 ‘
1607 1858 1658 1906 Si
1696 1858 1847 1906 homo

352 1954 447 2003 est,
481 1946 667 1994 animal
701 1953 780 1994 est
811 1946 1044 2002 mortale,
1077 1950 1284 1993 rationis
1317 1945 1605 2010 particepS.’
1672 1945 1786 2006 Quo
1817 1962 1847 1994 e

349 2050 539 2099 genere
559 2035 702 2081 nobis
723 2037 938 2081 notitiae
957 2050 1126 2081 rerum
1146 2037 1520 2097 imprimuntur,
1539 2038 1647 2081 sine
1668 2035 1849 2098 quibus

351 2139 445 2169 nec
466 2122 695 2186 intellegi
719 2122 996 2185 quidquam
1017 2138 1112 2168 nec
1134 2125 1309 2185 quaeri
1330 2122 1640 2185 disputarive
1660 2128 1848 2185 potest.

272 2219 325 2261 22
351 2209 543 2269 Quodsi
583 2216 754 2257 essent
789 2208 948 2256 falsae
984 2213 1199 2256 notitiae
1238 2208 1436 2273 (ἐννοίας
1473 2212 1609 2257 6111111
1644 2212 1850 2257 notitias

353 2297 609 2360 appellare
629 2304 687 2344 tu
707 2297 1078 2363 videbare)—si
1103 2300 1257 2360 igitur
1279 2303 1449 2344 essent
1466 2295 1564 2344 hae
1583 2295 1741 2344 falsae
1761 2303 1851 2344 aut

352 2389 457 2432 eius
484 2385 622 2432 modi
648 2389 762 2432 visis
789 2389 1063 2448 impressae
1093 2385 1260 2447 qualia
1286 2388 1391 2431 visa
1418 2401 1448 2431 a
1473 2383 1608 2431 falsis
1637 2385 1849 2432 discerni
1918 2386 1919 2404 ¹

408 2488 427 2507 ‘²
457 2482 589 2535 Plays
613 2483 661 2523 of
682 2483 900 2523 Pacuvius
922 2482 1011 2522 and
1036 2483 1207 2522 Ennius
1231 2481 1530 2534 respectively.

350 2536 952 2633 ediiifizgnssgffii{ialogue
981 2535 1031 2578 of
1055 2536 1130 2577 the
1155 2535 1245 2589 day
1266 2535 1430 2585 before,
1460 2537 1505 2576 in
1534 2535 1609 2577 the
1636 2533 1722 2576 lost
1748 2534 1844 2578 first

354 2663 449 2708 494
