1919 3006
937 201 1189 250 CICERO

318 341 377 382 ut
403 351 505 381 non
530 335 638 380 sine
665 348 817 380 causa
844 334 1177 394 antiquissimi
1206 337 1260 378 et
1285 330 1560 378 doctissimi
1584 331 1810 376 invenire

318 427 372 459 se
413 426 560 474 posse
599 410 736 474 quod
771 415 1019 472 cuperent
1058 408 1202 455 diffisi
1239 411 1358 464 sint,
1395 414 1571 455 tamen
1607 422 1702 453 nec
1739 405 1809 453 ilh·

319 488 619 535 defecerunt
646 503 815 551 neque
838 503 928 534 nos
957 486 1183 533 studium
1213 485 1512 549 exquirendi
1539 483 1810 548 defatigati

318 565 661 629 relinquemus
684 580 696 621 ;
733 581 901 628 neque
921 571 1124 611 nostrae
1145 564 1514 627 disputationes
1534 563 1812 626 quidquam

322 643 458 690 aliud
502 650 663 706 agunt
705 645 800 689 nisi
843 649 902 690 ut
942 645 997 688 in
1039 649 1310 705 utramque
1353 647 1555 704 partem
1598 640 1813 687 dicendo

322 720 525 767 eliciant
572 728 626 767 et
670 727 934 783 tamquam
980 723 1269 782 exprimant
1314 719 1504 782 aliquid
1548 718 1685 782 quod
1723 724 1815 765 aut

276 807 300 847 8
324 814 499 844 verum
537 801 603 844 sit
640 804 730 844 aut
767 798 833 845 ad
867 799 920 845 id
957 814 1110 861 quam
1146 801 1375 860 proxime
1413 797 1638 843 accedat.
1706 794 1815 842 Nec

323 878 458 922 inter
491 892 581 922 nos
617 882 671 922 et
705 891 790 922 eos
825 879 911 939 qui
945 892 998 922 se
1033 879 1158 922 scire
1194 876 1504 922 arbitrantur
1536 874 1813 938 quidquam

323 956 540 999 interest
565 956 659 999 nisi
687 953 823 1016 quod
847 952 917 999 illi
943 970 1044 1000 non
1071 953 1310 1000 dubitant
1336 956 1458 1016 quin
1484 968 1547 999 ea
1570 967 1690 998 vera
1714 954 1817 998 sint

326 1046 457 1093 quae
481 1029 783 1087 defendunt,
804 1047 894 1078 nos
915 1031 1196 1094 probabilia
1216 1031 1379 1078 multa
1398 1030 1663 1086 habemus,
1684 1044 1816 1094 quae

325 1111 468 1171 sequi
509 1107 674 1164 facile,
717 1108 982 1156 adfirmare
1025 1112 1108 1155 vix
1148 1124 1448 1172 possumus3
1507 1107 1602 1155 hoc
1643 1114 1817 1154 autem

324 1185 582 1232 liberiores
611 1193 664 1233 et
690 1186 955 1234 solutiores
982 1204 1153 1234 sumus
1181 1187 1318 1250 quod
1342 1190 1546 1250 integra
1569 1187 1712 1233 nobis
1740 1191 1820 1233 est

325 1263 582 1310 iudicandi
612 1271 841 1326 potestas
873 1281 966 1311 nec
998 1272 1057 1312 ut
1087 1268 1257 1312 omnia
1286 1281 1418 1328 quae
1448 1267 1760 1328 praescripta
1790 1279 1821 1311 a

327 1342 630 1404 quibusdam
655 1349 708 1389 et
731 1345 874 1405 quasi
895 1346 1148 1406 imperata
1169 1346 1270 1390 sint
1292 1341 1626 1390 defendamus
1648 1357 1822 1389 neces-

328 1421 482 1465 sitate
500 1418 602 1465 ulla
619 1423 859 1483 cogimur.
880 1420 1013 1467 Nam
1030 1424 1188 1468 ceteri
1203 1424 1423 1483 primum
1442 1428 1562 1468 ante
1579 1427 1822 1468 tenentur

330 1496 556 1543 adstricti
593 1514 746 1560 quam
782 1498 905 1561 quid
934 1505 1070 1545 esset
1105 1503 1354 1562 optimum
1388 1499 1611 1545 iudicare
1643 1504 1823 1562 potue-

329 1583 465 1630 runt,
508 1575 692 1622 deinde
728 1576 1064 1623 infirmissimo
1106 1584 1338 1639 tempore
1381 1580 1565 1624 aetatis
1607 1582 1698 1624 aut
1737 1576 1825 1622 ob-

331 1655 493 1698 secuti
520 1656 680 1699 amico
706 1657 924 1716 cuipiam
950 1662 1039 1701 aut
1064 1671 1165 1701 una
1190 1654 1396 1702 alicuius
1425 1671 1579 1718 quem
1605 1657 1824 1717 primum

332 1729 604 1777 audierunt
625 1734 854 1777 oratione
876 1735 1013 1795 capti
1035 1732 1098 1779 de
1120 1733 1271 1780 rebus
1292 1735 1561 1797 incognitis
1581 1732 1826 1788 iudicant,

333 1813 387 1854 et
407 1807 471 1854 ad
490 1824 864 1872 quamcumque
883 1816 1001 1857 sunt
1020 1809 1334 1873 disciplinam
1352 1813 1495 1874 quasi
1512 1817 1826 1874 tempestate

333 1883 491 1931 delati
535 1885 600 1932 ad
643 1902 757 1933 eam
800 1894 1065 1950 tamquam
1109 1888 1174 1936 ad
1216 1905 1395 1936 saxum
1439 1887 1824 1936 adhaerescunt.

283 1971 309 2012 9
335 1962 466 2008 Nam
486 1963 622 2026 quod
647 1964 823 2012 dicunt
839 1969 1041 2012 omnino
1062 1982 1115 2013 se
1135 1966 1342 2014 credere
1363 1969 1409 2013 ei
1429 1982 1583 2030 quem
1600 1967 1828 2014 iudicent

334 2038 487 2086 fuisse
505 2044 1086 2105 sapientem‚probarem
1103 2047 1143 2090 si
1159 2044 1211 2091 id
1226 2047 1392 2107 ipsum
1401 2044 1552 2092 rudes
1569 2051 1623 2091 et
1637 2044 1828 2091 indocti

333 2118 555 2165 iudicare
579 2123 867 2182 potuissent
891 2121 1139 2184 (statuere
1165 2126 1301 2168 enim
1325 2125 1411 2185 qui
1434 2125 1501 2169 sit
1523 2125 1722 2185 sapiens
1747 2120 1827 2168 vel

333 2199 555 2242 maxime
588 2197 789 2244 videtur
822 2214 932 2245 esse
960 2199 1223 2263 sapientis)
1247 2215 1259 2256 ;
1305 2200 1413 2255 sed,
1438 2206 1497 2247 ut
1526 2202 1826 2263 potuerint,²

335 2280 614 2335 potuerunt
643 2277 875 2323 omnibus
905 2277 1056 2324 rebus
1087 2277 1289 2333 auditis,
1319 2280 1533 2341 cognitis
1563 2281 1720 2325 etiam
1748 2292 1826 2324 re-

701 2394 717 2419 ¹
746 2397 972 2447 potuerint
989 2396 1176 2436 inseruit
1195 2396 1449 2437 Lambinus.

392 2503 411 2522 ⁶
437 2497 721 2551 Exprimant,
752 2514 780 2541 a
809 2502 1041 2554 metaphor
1068 2502 1186 2543 from
1214 2501 1464 2555 sculpture;
1497 2515 1554 2544 no
1583 2501 1726 2545 doubt
1753 2503 1828 2546 the

343 2552 462 2592 word
484 2554 691 2607 properly
711 2554 903 2596 denoted
924 2556 998 2597 the
1019 2556 1307 2610 preliminary
1329 2556 1476 2598 model
1497 2560 1542 2598 in
1560 2557 1675 2610 clay.

335 2621 432 2667 474
