1919 3006
925 181 1178 230 CICERO

299 311 426 357 bant
455 317 516 357 ut
549 327 662 357 eam
694 310 980 357 dividerent
1011 313 1064 356 in
1094 326 1174 356 res
1206 310 1349 365 duas,
1382 316 1440 356 ut
1472 309 1634 356 altera
1666 317 1799 357 esset

299 378 534 433 efficiens,
570 378 730 424 altera
773 384 946 424 autem
989 380 1132 440 quasi
1173 376 1289 423 huic
1331 393 1385 423 se
1426 378 1695 439 praebenS,
1739 393 1802 425 ex

300 451 419 508 qual
439 445 722 492 efficeretur
742 444 946 507 aliquid.
1008 445 1068 490 In
1090 461 1148 491 eo
1169 444 1306 507 quod
1325 444 1548 491 efficeret
1566 448 1667 491 vim
1693 461 1802 492 esse

301 513 596 568 censebant,
631 516 684 558 in
720 528 780 558 eo
816 519 991 558 autem
1035 512 1172 574 quod
1207 512 1491 558 efficeretur
1531 515 1801 558 materiam

302 580 559 643 quandam
582 595 593 635 3
636 583 689 626 in
713 586 931 642 utroque
955 586 1132 625 tamen
1157 586 1449 642 utrumque,
1473 595 1642 642 neque
1668 582 1803 626 enim

300 651 570 694 materiam
602 650 764 709 ipsam
798 646 1069 693 cohaerere
1102 650 1328 709 potuisse
1362 649 1403 692 si
1436 646 1574 693 nulla
1605 649 1654 692 vi
1687 663 1803 693 con-

301 718 569 770 tineretur,
605 730 774 777 neque
809 717 911 760 vim
946 717 1053 760 sine
1091 714 1259 776 aliqua
1293 716 1510 760 materia
1545 712 1688 776 (nihil
1725 720 1804 761 est

303 786 438 829 enim
469 781 605 844 quod
635 798 737 827 non
769 781 950 828 alicubi
984 797 1093 827 esse
1125 781 1371 844 cogatur).
1438 780 1540 828 Sed
1569 780 1707 844 quod
1737 797 1802 827 ex

302 856 537 912 utroque,
562 849 615 895 id
638 852 740 895 iam
765 865 943 911 corpus
971 855 1024 895 et
1049 852 1192 911 quasi
1218 848 1521 911 qualitatem
1546 848 1803 911 quandam

301 916 881 963 nominabant—dabitis
913 919 1047 962 enim
1071 914 1301 978 profecto
1323 922 1382 962 ut
1405 919 1458 962 in
1480 915 1632 962 rebus
1650 918 1803 961 inusi-

300 987 440 1040 tatis,
468 984 604 1047 quod
631 983 812 1030 Graeci
836 987 931 1046 ipsi
955 982 1150 1029 faciunt
1176 999 1206 1029 a
1230 983 1412 1046 quibus
1437 981 1565 1029 haec
1588 986 1690 1029 iam
1715 983 1802 1030 diu

300 1058 604 1106 tractantur,
631 1058 835 1098 utamur
860 1051 1024 1097 verbis
1050 1050 1309 1097 interdum
1333 1048 1625 1097 inauditis.'’

222 1128 275 1168 25
364 1118 480 1165 VII.
518 1118 674 1165 “Nos
718 1117 888 1174 vero,''
933 1122 1099 1181 inquit
1146 1118 1380 1173 Atticus3
1432 1116 1604 1180 “quin
1646 1119 1803 1164 etiam

302 1186 507 1233 Graecis
542 1185 717 1233 licebit
753 1193 900 1232 utare
937 1202 1052 1232 cum
1087 1185 1243 1241 voles,
1279 1188 1320 1231 si
1355 1191 1410 1231 te
1448 1184 1634 1231 Latina
1669 1182 1803 1231 forte

302 1252 592 1300 deficient.'’
637 1253 663 1268 ‘⁶
689 1253 829 1299 Bene
860 1269 981 1299 sane
1011 1252 1132 1299 facis
1157 1268 1169 1308 3
1211 1252 1302 1299 sed
1332 1255 1496 1298 enitar
1525 1258 1584 1299 ut
1617 1251 1802 1299 Latine

298 1321 493 1384 loquar,
525 1324 620 1367 nisi
651 1324 704 1366 in
732 1320 941 1367 huiusce
970 1320 1108 1367 modi
1139 1320 1322 1376 verbis,
1347 1326 1405 1366 ut
1434 1318 1803 1382 philosophiam

303 1396 393 1435 aut
419 1388 724 1435 rhetoricam
755 1395 845 1435 aut
873 1387 1135 1451 physicam
1165 1394 1255 1434 aut
1283 1386 1602 1434 dialecticam
1632 1385 1804 1449 appel-

299 1456 419 1512 lem,
445 1457 626 1519 quibus
651 1462 710 1502 ut
735 1455 841 1502 aliis
865 1455 1038 1501 multis
1063 1454 1377 1501 consuetudo
1401 1457 1503 1500 iam
1527 1457 1690 1501 utitur
1711 1469 1804 1517 pro

301 1523 511 1570 LatiniS.
583 1522 871 1581 Qualitates
907 1526 1063 1586 igitur
1100 1522 1350 1585 appellavi
1385 1537 1510 1585 quas
1547 1520 1804 1583 ποιότητας

302 1591 484 1638 Graeci
523 1597 723 1646 vocant,
764 1590 901 1653 quod
939 1594 1105 1653 ipsum
1145 1590 1283 1652 apud
1322 1589 1542 1636 Graecos
1581 1605 1684 1636 non
1723 1594 1803 1635 est

453 1699 469 1723 1
499 1712 552 1739 ex
571 1712 662 1750 qua
686 1698 931 1739 Turnebus:
962 1711 1103 1750 eaque
1125 1698 1274 1739 codd.=
1305 1711 1357 1738 ex
1377 1710 1518 1749 eaque
1542 1695 1669 1736 Mdv.

360 1789 379 1807 ‘²
408 1784 502 1824 The
539 1787 625 1823 two
664 1787 801 1833 ἀρχαί,
847 1787 1033 1832 ποιητική
1070 1783 1161 1823 and
1201 1786 1416 1831 παθητική.
1471 1781 1610 1830 Quasi
1647 1781 1800 1822 marks

306 1838 407 1878 huic
427 1851 470 1878 se
486 1838 698 1889 praebens
720 1851 768 1878 as
790 1851 817 1877 a
838 1837 1101 1878 translation
1123 1836 1172 1877 of
1189 1837 1264 1877 the
1283 1836 1426 1877 latter.

364 1891 379 1916 ὁ
411 1891 645 1955 ῼῑιαηάᾳφη
668 1891 920 1944 apologizes
940 1892 1010 1932 for
1032 1892 1107 1932 the
1126 1904 1204 1931 use
1224 1891 1274 1931 of
1291 1891 1490 1938 materia,
1514 1889 1525 1906 ‘
1538 1888 1730 1937 timber,’
1749 1901 1799 1930 as

305 1959 334 1986 a
351 1945 1290 2052 Rh'llhffzllacilsletihssl{lntsrzlllilelagelcbding
1323 1997 1474 2039 clause
1508 1996 1615 2049 only
1643 1995 1733 2036 and
1762 1997 1799 2036 is

304 2053 526 2095 traceable
556 2053 806 2106 ultimately
834 2057 881 2094 to
918 2053 1120 2094 Timaeus
1155 2056 1208 2094 52
1226 2067 1251 2093 B
1285 2056 1416 2102 φάμεν
1447 2053 1669 2102 ἀναγκαῖον
1699 2052 1800 2090 εἶναί

303 2125 382 2147 που
419 2111 463 2147 τὸ
503 2113 544 2147 ὃν
580 2111 686 2147 ἅπαν
723 2113 762 2147 ἐν
797 2111 875 2147 τινὶ
907 2111 1033 2157 τόπῳ.
1102 2105 1383 2160 Apparently
1412 2105 1660 2146 Antiochus
1693 2104 1799 2145 with

310 2161 438 2202 Plato
457 2160 684 2202 identified
707 2166 867 2202 matter
889 2161 979 2202 and
1001 2174 1146 2214 space.

304 2269 326 2310 f
362 2215 381 2240 ‘¹
410 2216 496 2310 223,
516 2215 755 2268 organized
778 2220 952 2263 matter,
977 2217 1164 2256 materia
1190 2214 1326 2266 being
1353 2216 1514 2254 matter
1539 2224 1589 2253 as
1616 2215 1693 2265 yet
1717 2225 1801 2253 un-

325 2283 447 2310 orme
483 2300 493 2310 .

365 2330 380 2348 ⁶
410 2323 563 2364 Cicero
581 2322 833 2375 apologizes
850 2322 920 2364 for
937 2324 1117 2375 coining
1134 2322 1209 2362 the
1228 2320 1349 2362 word
1368 2320 1563 2372 qualitas
1580 2323 1627 2360 to
1644 2318 1802 2360 render

308 2381 481 2426 ποιότης,
503 2378 513 2394 ‘
528 2377 907 2424 what-sort-ness‚'
929 2390 955 2416 a
975 2381 1086 2417 term
1109 2375 1265 2417 coined
1289 2375 1350 2427 by
1372 2374 1514 2423 Plato,
1537 2374 1800 2421 Theaetetus,

310 2435 388 2472 189
409 2446 466 2479 A3
506 2431 581 2471 the
604 2431 736 2471 Latin
758 2431 954 2471 abstract
981 2445 1117 2478 noun,
1138 2429 1230 2470 like
1251 2430 1326 2470 the
1354 2427 1518 2476 Greek,
1541 2429 1576 2468 is
1598 2426 1708 2468 used
1732 2426 1802 2468 for

306 2486 381 2526 the
398 2489 614 2533 concrete,
635 2485 644 2501 ‘
659 2499 686 2525 a
706 2485 835 2537 thing
850 2485 899 2526 of
913 2498 941 2525 a
959 2486 1125 2526 certain
1146 2483 1348 2536 quality‚'
1369 2496 1428 2524 an
1447 2481 1593 2535 object
1609 2493 1801 2534 possess-

306 2541 385 2591 ing
404 2541 570 2580 certain
589 2541 846 2591 properties.

305 2608 399 2651 434
