1919 3006
957 159 1209 208 CICERO

335 309 437 340 non
466 294 624 356 possit
653 293 706 337 in
735 289 936 346 falsum,
968 289 1105 353 quod
1136 305 1196 336 03
1227 288 1522 335 definitione
1553 285 1831 351 explicetur

336 385 388 431 id
424 386 614 448 percipi
650 398 815 446 posse,
854 381 991 445 quod
1025 383 1234 428 minime
1269 378 1340 426 illi
1376 378 1566 427 volunt.
1637 377 1834 426 Eadem

258 487 313 525 44
337 477 433 524 dici
454 481 699 539 poterunt
719 477 773 521 in
794 474 1026 521 omnibus
1047 473 1291 536 partibus.
1349 470 1400 518 Si
1423 474 1558 519 enim
1579 470 1752 518 dicent
1772 485 1835 516 03

337 568 402 616 de
435 569 616 632 quibus
649 567 899 614 disserent
932 581 985 612 se
1019 564 1235 612 dilucide
1271 566 1575 628 perspicere,
1606 578 1701 610 nec
1733 560 1834 608 ulla

338 663 690 708 communione
731 661 949 705 visorum
988 657 1238 720 impediri,
1278 655 1642 719 comprendere
1682 670 1744 701 ea
1781 669 1836 700 se

337 768 485 816 posse
517 750 832 798 fatebuntur.
900 748 987 796 Sin
1020 756 1194 796 autem
1225 749 1491 812 negabunt
1521 762 1642 794 vera
1671 748 1778 792 visa
1808 761 1838 791 a
1918 806 1919 815 ἵ

338 842 474 891 falsis
499 859 646 907 posse
672 843 932 906 distingui,
959 843 1045 905 qui
1069 847 1314 904 poterunt
1337 838 1535 903 longius
1559 837 1796 902 progredi
1818 836 1838 884 ?

339 942 629 983 occurretur
664 938 799 981 enim
833 937 963 981 sicut
997 949 1258 980 occursum
1293 938 1406 988 est3
1458 947 1577 978 nam
1610 928 1840 977 concludi

341 1035 701 1092 argumentum
717 1043 819 1073 non
833 1032 1007 1089 potest
1022 1028 1116 1072 nisi
1132 1028 1190 1071 iis
1208 1041 1339 1088 quae
1357 1023 1423 1071 ad
1437 1021 1840 1070 concludendum

340 1127 545 1184 sumpta
587 1126 737 1166 erunt
779 1121 854 1165 ita
894 1118 1120 1181 probatis
1164 1124 1222 1164 ut
1264 1115 1391 1163 falsa
1434 1114 1662 1162 eiusdem
1703 1112 1840 1160 modi

341 1211 478 1260 nulla
523 1214 718 1275 possint
766 1226 911 1258 esse:
978 1226 1099 1273 ergo
1147 1212 1187 1256 si
1233 1209 1384 1255 rebus
1432 1208 1738 1270 comprensis
1786 1211 1841 1252 et

340 1306 594 1368 perceptis
633 1306 743 1350 nisa
782 1309 836 1349 et
873 1317 1140 1366 progressa
1178 1303 1307 1348 ratio
1345 1299 1440 1347 hoc
1479 1298 1679 1354 efficiet,
1718 1295 1840 1343 nihil

340 1412 488 1460 posse
527 1395 838 1458 comprendi,
880 1394 1002 1457 quid
1041 1400 1215 1457 potest
1252 1394 1461 1455 reperiri
1501 1390 1638 1455 quod
1675 1393 1841 1453 ipsum

342 1489 436 1536 sibi
475 1494 732 1551 repugnet
772 1486 976 1550 magis?
1051 1485 1283 1549 Cumque
1324 1487 1434 1547 ipsa
1474 1490 1658 1530 natura
1699 1498 1841 1528 accu-

340 1587 485 1628 ratae
525 1582 764 1626 orationis
803 1577 898 1625 hoc
936 1577 1254 1641 profiteatur,
1295 1593 1348 1623 se
1389 1575 1579 1638 aliquid
1615 1572 1840 1638 patefac-

342 1679 511 1720 turam
529 1671 666 1735 quod
682 1688 783 1717 non
802 1677 1047 1733 appareat
1065 1676 1119 1716 et
1136 1685 1236 1732 quo
1253 1668 1306 1715 id
1321 1667 1514 1714 facilius
1533 1667 1842 1730 adsequatur

345 1763 686 1812 adhibituram
729 1769 784 1809 et
825 1778 1000 1809 sensus
1044 1768 1098 1808 et
1140 1777 1203 1808 ea
1243 1776 1375 1824 quae
1417 1762 1683 1823 perspicua
1723 1761 1842 1814 sint,

345 1855 505 1920 qualis
546 1862 625 1902 est
662 1858 874 1902 istorum
913 1856 1074 1900 oratio
1114 1855 1200 1917 qui
1239 1855 1408 1899 omnia
1445 1868 1547 1899 non
1584 1858 1693 1898 tam
1732 1865 1842 1898 esse

344 1964 498 2012 quam
531 1947 689 1995 videri
722 1946 939 1994 volunt?
1009 1945 1237 1992 Maxime
1272 1951 1446 1991 autem
1479 1946 1843 1990 convincuntur

345 2056 460 2087 cum
487 2038 615 2086 haec
644 2038 744 2086 duo
773 2055 864 2102 pro
893 2037 1289 2102 congruentibus
1319 2042 1526 2083 sumunt
1555 2042 1663 2082 tam
1692 2032 1842 2081 vehe-

345 2138 545 2178 menter
590 2133 948 2194 repugnantia,
994 2132 1212 2192 primum
1260 2143 1370 2175 esse
1417 2127 1670 2191 quaedam
1714 2124 1842 2173 falsa

347 2227 466 2278 visa,
488 2222 625 2286 quod
653 2239 768 2268 cum
793 2220 969 2268 volunt
998 2219 1258 2267 declarant
1287 2219 1540 2283 quaedam
1570 2234 1680 2265 esse
1704 2234 1840 2274 vera,

345 2314 529 2362 deinde
554 2313 743 2360 ibidem
765 2316 899 2359 inter
921 2310 1048 2358 falsa
1070 2314 1175 2358 visa
1198 2318 1253 2358 et
1274 2327 1394 2358 vera
1415 2309 1538 2357 nihil
1559 2313 1805 2357 interesse
1826 2324 1839 2358 ε

444 2465 464 2486 ⁰
492 2461 580 2510 i.e.,
600 2473 628 2501 a
649 2460 779 2512 thing
799 2458 1272 2554 miscssmffivedggnmi
1286 2472 1342 2498 an
1367 2457 1521 2499 unreal
1542 2458 1670 2511 thing
1690 2457 1736 2511 ’).

1035 2544 1045 2554 .
1183 2526 1233 2554 ‘m
1273 2543 1284 2554 .

352 2585 449 2629 522
1000 2513 1039 2565 s
1067 2517 1086 2562 ἓ
1235 2527 1252 2554 ²
