1853 3001
896 175 1148 224 CICERO

272 322 702 369 supervacaneum
723 312 818 361 est,
837 309 1012 369 itaque
1033 305 1170 352 nulla
1189 322 1267 353 ars
1286 308 1473 353 imitari
1494 304 1767 353 sollertiam

273 401 485 441 naturae
503 394 712 457 potest?
781 393 1008 440 Habebit
1030 397 1187 457 igitur
1205 393 1430 458 linguam
1450 394 1574 442 deus
1597 401 1651 442 et
1668 410 1768 442 non

273 480 525 544 loquetur,
564 482 744 529 dentes
781 480 1012 544 palatum
1047 480 1218 528 fauces
1256 481 1450 528 nullum
1486 482 1551 529 ad
1587 495 1768 538 usum3

273 586 507 632 quaeque
537 572 899 632 procreationis
932 586 1082 616 causa
1113 576 1297 616 natura
1328 573 1521 632 corpori
1554 569 1768 617 adfinxit

274 673 335 703 ea
367 655 553 703 frustra
585 656 797 704 habebit
831 657 991 713 deus3
1044 674 1138 704 nec
1172 665 1386 704 externa
1417 660 1579 721 magis
1614 673 1766 720 quam

273 747 530 801 interiora,
561 762 645 792 cor
679 744 943 807 pulmones
978 748 1116 792 iecur
1151 752 1339 802 cetera,
1370 762 1501 809 quae
1538 745 1769 792 detracta

274 832 497 878 utilitate
545 833 667 896 quid
720 832 913 879 habent
966 836 1246 879 venustatis
1268 833 1767 896 ?——quandoquidem

280 918 405 966 haec
432 936 540 966 esse
565 923 617 966 in
643 920 739 967 deo
764 928 973 983 propter
995 920 1423 983 pulchritudinem
1447 921 1608 968 voltis.

195 1013 249 1054 93
342 1006 577 1054 “Istisne
614 1008 830 1055 fidentes
867 1012 1069 1055 somniis
1106 1026 1207 1056 non
1241 1009 1392 1056 modo
1428 1009 1673 1072 Epicurus
1716 1015 1770 1056 et

277 1094 602 1143 hletrodorus
624 1103 685 1142 >et-
713 1096 1054 1143 Hermarchus
1083 1104 1258 1143 contra
1285 1096 1631 1160 Pythagoram
1658 1095 1770 1143 Pla-

275 1189 450 1229 tonem
501 1184 966 1247 Empedoclemque
1018 1185 1257 1231 dixerunt
1307 1185 1399 1232 sed
1447 1183 1769 1231 meretricula

278 1268 433 1310 etiam
461 1264 733 1312 Leontium
766 1273 941 1312 contra
964 1264 1369 1328 Theophrastum
1396 1266 1616 1312 scribere
1649 1281 1769 1312 ausa

277 1358 355 1398 est
377 1352 395 1398 ?
433 1356 557 1399 scito
576 1352 660 1399 illa
680 1354 885 1416 quidem
909 1370 1140 1400 sermone
1161 1361 1214 1401 et
1229 1354 1421 1410 Attico,
1446 1354 1536 1401 sed
1560 1361 1736 1400 tamen
1757 1369 1769 1400 ε

276 1446 480 1486 tantum
515 1441 719 1504 Epicuri
753 1440 928 1489 hortus
963 1440 1143 1489 habuit
1176 1441 1427 1489 licentiae.
1495 1442 1565 1488 Et
1598 1441 1769 1488 soletis

278 1531 455 1590 queri3
511 1529 646 1576 Zeno
685 1531 890 1592 quidem
929 1533 1085 1576 etiam
1121 1530 1392 1593 litigabat3
1447 1530 1569 1593 quid
1605 1530 1768 1577 dicam

277 1615 548 1663 Albucium
571 1618 589 1664 ἓ
663 1617 795 1663 Nam
850 1617 1080 1665 Phaedro
1135 1617 1256 1664 nihil
1311 1617 1593 1682 elegantius
1647 1617 1769 1664 nihil

277 1702 563 1761 humanius,
591 1706 681 1753 sed
707 1705 1121 1753 stomachabatur
1146 1722 1303 1753 senex
1329 1709 1370 1753 si
1397 1706 1520 1770 quid
1546 1709 1768 1768 asperius

277 1792 522 1849 dixeram,
543 1810 657 1839 cum
677 1794 922 1856 Epicurus
943 1793 1274 1840 Aristotelem
1293 1797 1490 1840 vexarit
1509 1801 1769 1841 contume-

275 1878 553 1937 liosissime,
571 1881 830 1929 Phaedoni
846 1882 1097 1929 Socratico
1114 1885 1401 1945 turpissime
1417 1881 1548 1928 male
1566 1882 1768 1938 dixerit,

279 1966 562 2015 Metrodori
583 1970 765 2017 sodalis
788 1974 864 2016 sui
886 1969 1096 2017 fratrem
1118 1971 1439 2017 Timocraten
1461 1973 1579 2033 quia
1600 1973 1766 2016 nescio

276 2056 398 2118 quid
420 2059 473 2103 in
495 2056 812 2120 philosophia
836 2058 1128 2105 dissentiret
1150 2062 1272 2105 totis
1296 2057 1628 2105 voluminibus
1652 2075 1767 2104 con-

275 2144 471 2200 ciderit,
489 2148 541 2191 in
561 2145 911 2192 Democritum
929 2149 1094 2208 ipsum
1113 2162 1266 2210 quem
1290 2152 1492 2193 secutus
1512 2152 1591 2192 est
1614 2143 1768 2192 fuerit

276 2234 522 2295 ingratus,
559 2233 920 2296 Nausiphanen
953 2237 1250 2297 magistrum
1286 2250 1433 2281 suum
1457 2250 1487 2280 a
1511 2249 1611 2296 quo
1645 2238 1764 2280 non1

277 2318 400 2365 nihil
431 2321 677 2368 didicerat
708 2329 815 2368 tam
846 2321 978 2368 male
1012 2325 1277 2384 acceperit.
1343 2321 1578 2368 XXXIV.
1629 2321 1764 2367 Zeno

278 2408 484 2470 quidem
515 2426 616 2456 non
647 2426 731 2456 eos
762 2409 921 2456 solum
953 2413 1037 2473 qui
1069 2418 1179 2456 tum
1211 2417 1373 2466 erant,
1403 2408 1764 2473 Apollodorum

739 2517 755 2543 ¹
787 2530 876 2558 non
898 2518 1000 2559 dett.
1020 2534 1031 2560 ε
1063 2531 1145 2560 om.
1167 2518 1227 2566 A,
1248 2517 1304 2560 Β.

282 2584 348 2635 90
