1853 3001
881 137 1134 187 CICERO

263 278 318 320 et
348 272 391 318 51
422 276 562 318 ortus
595 276 674 317 est
707 269 934 324 deorum,
964 270 1200 314 interitus
1233 269 1299 314 sit
1330 281 1537 312 11666556
1569 270 1666 320 651,
1696 269 1757 311 ut

261 365 321 406 tu
350 358 499 422 paulo
530 364 650 404 ante
684 357 748 404 de
782 355 1006 402 Platonis
1039 356 1228 402 mundo
1263 354 1573 416 disputabas.
1653 351 1758 399 Ubi

263 451 418 512 igitur
463 446 586 492 illud
627 451 851 491 vestrum
891 445 1102 490 beatum
1151 450 1205 490 et
1252 449 1537 498 aeternum,
1575 441 1758 504 quibus

265 536 461 582 duobus
491 534 654 580 verbis
685 532 977 596 significatis
1011 532 1205 578 deum?
1245 531 1381 594 quod
1416 547 1532 577 cum
1561 529 1759 576 efficere

267 622 434 678 vultis,
464 625 516 668 in
546 622 758 668 dumeta
788 623 1059 682 conrepitis
1084 636 1095 666 t
1143 622 1218 666 ita
1247 622 1382 665 enim
1411 618 1632 673 dicebas,
1659 631 1762 663 non

269 727 447 774 corpus
478 725 587 756 esse
616 712 669 755 in
699 709 795 756 deo
825 709 915 755 sed
945 710 1088 771 quasi
1120 724 1316 770 corpus,
1341 723 1435 753 1166
1463 708 1763 770 sanguinem

273 800 363 846 sed
386 806 649 861 tamquam
674 799 988 860 sanguinem.

195 894 250 935 69
337 886 496 933 XXV.
533 885 560 901 “
586 885 697 931 Hoc
725 900 971 947 persaepe
1002 882 1184 940 facitis,
1214 890 1274 930 ut
1302 900 1417 930 cum
1448 882 1638 946 aliquid
1666 897 1768 929 non

275 978 380 1022 veri
405 973 565 1021 simile
591 974 769 1020 dicatis
805 979 858 1019 et
885 971 1108 1036 effugere
1133 970 1579 1034 reprehensionem
1603 969 1768 1017 velitis

277 1062 518 1111 adferatis
538 1060 727 1124 aliquid
743 1061 878 1124 quod
898 1063 1100 1107 omnino
1129 1076 1194 1107 ne
1224 1059 1332 1106 fieri
1360 1060 1567 1123 quidem
1594 1061 1770 1122 possit,

278 1158 339 1200 ut
362 1154 518 1198 satius
543 1149 699 1196 fuerit
722 1148 846 1196 illud
869 1152 1035 1211 ipsum
1060 1148 1125 1196 de
1151 1165 1250 1212 quo
1277 1149 1633 1212 ambigebatur
1656 1163 1772 1194 con-

278 1240 460 1287 cedere
482 1254 635 1302 quam
655 1244 763 1284 tam
782 1238 1091 1300 inpudenter
1109 1240 1361 1284 resistere.
1415 1235 1570 1283 Velut
1589 1236 1773 1298 Epicu-

278 1344 363 1375 rus
389 1344 504 1374 cum
531 1327 745 1381 videret,
773 1328 812 1372 51
841 1329 995 1372 atomi
1023 1323 1278 1372 ferrentur
1303 1328 1356 1371 in
1381 1323 1546 1372 locum
1572 1322 1774 1371 inferio-

280 1432 390 1463 rem
415 1422 596 1478 suopte
621 1414 865 1477 pondere,
891 1412 1015 1459 nihil
1052 1412 1160 1460 fore
1197 1416 1249 1460 in
1286 1420 1459 1460 nostra
1494 1419 1774 1476 potestate,

284 1504 420 1568 quod
436 1509 571 1551 esset
592 1518 765 1549 earum
784 1509 952 1549 motus
973 1509 1140 1549 certus
1162 1509 1216 1548 et
1235 1504 1562 1557 necessarius,
1580 1502 1777 1547 invenit

284 1609 385 1656 quo
430 1592 581 1639 modo
629 1594 988 1637 necessitatem
1036 1589 1302 1654 effugeret,
1355 1589 1492 1653 quod
1540 1588 1777 1636 videlicet

286 1680 637 1728 Democritum
672 1678 877 1742 fugerat
900 1695 911 1725 t
951 1681 1024 1726 ait
1052 1686 1297 1735 atomum,
1325 1694 1441 1726 cum
1467 1677 1693 1741 pondere
1722 1682 1778 1724 et

286 1771 540 1833 gravitate
560 1768 751 1815 directo
772 1768 977 1814 deorsus
997 1765 1208 1823 feratur,
1228 1766 1480 1814 declinare
1498 1765 1774 1829 paululum.

213 1863 264 1905 70
287 1857 397 1903 Ηο6
417 1857 584 1903 dicere
603 1858 799 1917 turpius
821 1862 898 1902 est
919 1871 1070 1918 quam
1090 1854 1213 1902 illud
1232 1855 1369 1918 quod
1387 1853 1495 1901 vult
1513 1871 1613 1901 non
1631 1869 1778 1917 posse

289 1943 580 1992 defendere.
649 1943 794 1990 Idem
827 1942 950 1990 facit
982 1950 1158 1990 contra
1190 1942 1503 1999 dialecticos3
1536 1959 1567 1989 a
1598 1943 1779 2006 quibus

291 2049 405 2079 cum
427 2032 673 2079 traditum
697 2034 762 2078 sit
783 2034 836 2077 in
859 2032 1089 2078 omnibus
1113 2031 1503 2078 diiunctionibus
1525 2033 1577 2076 in
1600 2031 1780 2094 quibus

291 2121 301 2137 ‘
327 2127 416 2166 aut
447 2123 603 2166 etiam
634 2125 724 2165 aut
753 2136 854 2165 non
878 2118 888 2134 '
917 2126 1194 2182 poneretur
1224 2118 1440 2166 alterum
1470 2125 1641 2165 utrum
1672 2133 1781 2164 esse

292 2224 484 2263 verum,
514 2210 780 2270 pertimuit
811 2223 875 2254 ne
907 2210 948 2254 si
979 2223 1271 2254 concessum
1303 2213 1439 2253 esset
1468 2205 1615 2253 huius
1645 2206 1782 2253 modi

294 2295 483 2359 aliquid
527 2294 538 2311 ⁸
564 2302 654 2342 aut
697 2298 833 2342 vivet
877 2311 984 2341 cras
1038 2302 1128 2342 aut
1179 2312 1280 2342 non
1323 2298 1459 2341 vivet
1502 2291 1782 2357 Epicurus‚’

294 2382 595 2430 alterutrum
615 2382 762 2429 fieret
780 2386 1143 2429 necessarium:
1184 2390 1352 2429 totum
1371 2381 1465 2429 hoc
1489 2382 1499 2398 ‘
1514 2389 1605 2429 aut
1628 2385 1784 2429 etiam

867 2484 887 2503 ‘²
916 2479 1086 2527 Above,
1109 2482 1216 2526 549.

313 2542 378 2591 66
