1853 3001
861 221 1112 270 CICERO

239 353 519 403 saeclorum
557 353 811 399 aetatibus
849 355 970 416 quin
1007 352 1188 399 eadem
1223 352 1385 399 isdem
1419 352 1731 415 temporibus

242 429 438 476 efficiat.
511 426 648 473 Infra
696 434 869 473 autem
916 425 1045 473 hanc
1091 430 1294 489 propius
1343 443 1371 472 a
1417 433 1554 473 terra
1600 426 1730 474 Iovis

240 503 388 552 stella
433 502 595 549 fertur
641 518 772 565 quae
819 501 1013 548 Φαέθων
1058 502 1257 558 dicitur,
1305 518 1466 565 eaque
1513 502 1731 549 eundem

241 580 509 627 duodecim
547 580 804 642 signorum
839 577 1013 624 orbem
1052 580 1192 624 annis
1228 577 1496 624 duodecim
1533 577 1732 624 conficit

242 654 551 716 easdemque
581 669 705 716 quas
734 651 939 700 Saturni
967 652 1114 699 stella
1143 652 1294 699 efficit
1321 656 1373 699 in
1401 669 1548 700 cursu
1576 656 1734 700 varie-

163 740 216 781 53
240 737 390 778 tates.
461 729 593 775 Huic
647 735 822 775 autem
879 731 1165 791 proximum
1217 727 1507 774 inferiorem
1560 729 1736 776 orbem

242 812 389 853 tenet
427 803 648 865 Πυρόεις,
674 820 806 866 quae
843 803 991 850 stella
1023 803 1204 850 Martis
1237 803 1538 866 appellatur,
1573 819 1736 866 eaque

244 886 487 944 quattuor
523 885 577 925 et
613 881 791 942 viginti
827 879 1083 924 mensibus
1121 894 1211 924 sex
1247 885 1307 924 ut
1341 881 1517 940 opinor
1557 878 1736 926 diebus

242 957 406 1001 minus
439 953 660 999 eundem
689 952 872 999 lustrat
904 953 1079 998 orbem
1104 968 1256 1015 quem
1282 953 1413 999 duae
1438 955 1736 1015 superiores.

244 1028 383 1077 Infra
426 1028 556 1074 hanc
601 1034 775 1075 autem
813 1027 960 1074 stella
998 1027 1239 1074 Mercurii
1277 1034 1355 1074 est
1391 1028 1474 1092 (ea
1510 1026 1738 1089 Στίλβων

243 1104 529 1168 appellatur
588 1120 618 1150 a
665 1102 911 1166 Graecis),
960 1119 1091 1166 quae
1151 1119 1282 1150 anno
1342 1101 1450 1150 fere
1500 1110 1737 1150 vertente

243 1179 539 1244 signiferum
564 1177 747 1225 lustrat
783 1178 959 1225 orbem
995 1194 1163 1241 neque
1201 1195 1231 1224 a
1266 1177 1370 1225 sole
1406 1177 1602 1242 longius
1628 1195 1738 1225 um-

243 1272 397 1319 quam
422 1257 567 1302 unius
594 1256 723 1317 signi
748 1252 1012 1300 intervallo
1039 1253 1253 1300 discedit
1278 1260 1389 1300 tum
1409 1261 1736 1301 antevertens

242 1338 353 1378 tum
406 1330 735 1392 subsequens.
828 1328 1011 1375 Infima
1059 1335 1138 1375 est
1186 1331 1410 1393 quinque
1459 1332 1736 1376 errantium

243 1413 513 1469 terraeque
555 1407 785 1467 proxima
827 1404 973 1451 stella
1015 1403 1243 1460 Veneris,
1292 1421 1423 1468 quae
1471 1403 1737 1466 Φωσφόρος

245 1481 440 1528 Graece
493 1478 695 1526 Lucifer
747 1478 931 1526 Latine
984 1479 1167 1525 dicitur
1218 1496 1333 1526 cum
1384 1480 1739 1543 antegreditur

243 1557 419 1613 solem,
444 1572 558 1602 cum
591 1556 917 1618 subsequitur
950 1562 1124 1601 autem
1140 1554 1408 1616 Ἕσπεροςς
1445 1571 1507 1602 ea
1538 1571 1737 1602 cursum

246 1648 377 1678 anno
445 1630 646 1677 conficit
713 1636 767 1677 et
832 1629 1159 1676 latitudinem
1226 1629 1444 1677 lustrans
1511 1629 1738 1694 signiferi

244 1707 376 1753 orbis
407 1713 460 1752 et
486 1704 874 1768 longitudinem,
904 1705 1040 1768 quod
1066 1705 1203 1751 idem
1231 1703 1424 1751 faciunt
1451 1704 1630 1752 stellae
1657 1721 1740 1752 su-

245 1784 483 1844 periores,
518 1796 686 1843 neque
720 1796 963 1842 umquam
997 1780 1061 1826 ab
1095 1779 1199 1826 sole
1233 1779 1447 1826 duorum
1479 1783 1737 1844 signorum

244 1855 508 1903 intervallo
536 1855 733 1919 longius
762 1855 977 1902 discedit
1005 1861 1116 1901 tum
1146 1855 1455 1902 antecedens
1483 1861 1595 1902 tum
1622 1855 1738 1902 sub-

247 1947 479 1994 sequens.

165 2016 220 2056 54
308 2005 448 2052 XXI.
492 2003 519 2021 “
541 2004 687 2050 Hanc
728 2006 883 2067 igitur
923 2006 976 2050 in
1017 2003 1174 2050 stellis
1218 2006 1573 2060 constantiam,
1608 2002 1738 2050 hanc

245 2088 445 2128 tantam
473 2087 581 2126 tam
610 2082 756 2125 variis
786 2079 1010 2125 cursibus
1038 2082 1091 2125 in
1120 2082 1256 2125 omni
1285 2082 1594 2126 aeternitate
1622 2095 1738 2125 con-

246 2158 555 2203 venientiam
591 2161 880 2216 temporum
917 2170 1018 2200 non
1053 2170 1257 2216 possum
1292 2153 1591 2217 intellegere
1627 2156 1735 2201 sine

246 2238 420 2278 mente
453 2233 651 2276 ratione
684 2228 903 2276 consilio.
973 2228 1118 2287 Quae
1152 2245 1267 2275 cum
1299 2231 1352 2275 in
1383 2229 1629 2276 sideribus
1661 2231 1735 2275 in-

248 2321 357 2353 esse
383 2304 661 2360 videamus,
686 2320 787 2350 non
812 2319 1075 2366 possumus
1105 2320 1164 2349 ea
1190 2306 1298 2366 ipsa
1323 2319 1424 2350 non
1448 2305 1499 2349 in
1525 2302 1735 2350 deorum

247 2396 456 2428 numero
479 2395 740 2442 reponere.

311 2455 468 2502 “Nec
504 2471 621 2501 vcro
668 2469 760 2501 eae
796 2452 974 2500 stellae
1012 2468 1142 2515 quae
1178 2455 1459 2498 inerrantes
1496 2458 1737 2498 vocantur

248 2548 348 2578 non
374 2530 658 2594 significant
695 2529 911 2576 eandem
946 2534 1175 2575 mentem
1211 2534 1367 2592 atque
1395 2527 1736 2591 prudentiam,

269 2651 363 2699 174
