1919 3006
957 186 1209 235 CICERO

258 326 310 366 72
397 316 595 365 XXIII.
633 315 661 333 “
686 317 755 363 Et
785 319 1003 378 primum
1034 315 1170 378 quod
1198 317 1342 361 initio
1373 314 1544 362 dixisti
1573 315 1832 362 videamus

337 389 485 452 quale
525 391 607 443 sit,
647 386 875 434 similiter
915 403 944 432 a
981 387 1124 433 nobis
1164 385 1228 432 de
1269 388 1488 449 antiquis
1526 384 1832 448 philosophis

337 461 718 506 commemorari
742 465 897 520 atque
922 457 1146 503 seditiosi
1169 455 1391 503 solerent
1413 455 1569 503 claros
1592 459 1721 503 viros
1743 455 1834 503 sed

336 538 511 577 tamen
557 528 824 592 populares
874 527 1065 590 aliquos
1111 529 1386 575 nominare.
1471 526 1550 573 Illi
1591 543 1706 573 cum
1751 542 1832 573 res

337 608 456 649 nonl
481 602 639 647 bonas
671 605 913 654 tractent,
940 598 1125 646 similes
1155 599 1403 645 bonorum
1432 597 1590 645 videri
1621 596 1832 653 volunt3

339 689 428 719 nos
459 679 634 718 autem
667 686 728 716 ea
760 670 970 717 dicimus
1003 671 1145 716 nobis
1175 669 1333 716 videri
1363 684 1495 731 quae
1519 674 1716 715 vosmet
1737 670 1832 730 ipsi

339 743 655 791 nobilissimis
691 740 998 804 philosophis
1031 740 1277 803 placuisse
1313 739 1603 787 conceditis.
1664 739 1836 786 Anax-

341 831 517 880 agoras
551 816 720 859 nivem
755 815 953 875 nigram
989 812 1119 858 dixit
1155 827 1300 857 esse:
1357 809 1515 857 ferres
1550 825 1634 857 me
1669 812 1710 857 si
1743 826 1839 873 ego

341 887 476 933 idem
499 885 720 932 dicerem
743 883 762 929 ?
803 889 862 929 tu
883 898 948 929 ne
970 884 1011 928 si
1033 882 1322 929 dubitarem
1343 880 1565 945 quidem.
1633 880 1707 927 At
1728 883 1839 943 quis

342 964 421 1005 est
441 955 521 1002 hic
544 956 562 1002 ?
603 972 726 1001 num
747 953 997 1016 sophistes
1019 953 1108 1017 (sic
1132 956 1267 1000 enim
1289 952 1677 1016 appellabantur
1696 955 1731 998 ii
1753 954 1840 1015 qui

342 1030 698 1076 ostentationis
728 1033 817 1072 aut
845 1032 1086 1089 quaestus
1114 1041 1267 1072 causa
1291 1023 1796 1088 philosophabantur)
1819 1022 1840 1070 ?

262 1112 313 1151 73
341 1100 572 1146 Maxima
608 1097 707 1145 fuit
746 1104 800 1144 et
837 1099 1102 1161 gravitatis
1142 1103 1196 1143 et
1232 1099 1424 1160 ingenii
1460 1096 1635 1160 gloria.
1705 1094 1842 1154 Quid

341 1172 518 1235 loquar
537 1170 601 1217 de
628 1170 923 1216 Democrito
947 1169 965 1215 ?
1022 1168 1189 1226 Quem
1207 1185 1322 1215 cum
1343 1184 1403 1216 eo
1422 1167 1650 1216 conferre
1669 1184 1842 1232 possu-

341 1259 453 1290 mus
478 1258 580 1288 non
603 1241 754 1288 modo
779 1243 970 1303 ingenii
993 1239 1348 1303 magnitudine
1373 1239 1465 1287 sed
1490 1243 1646 1286 etiam
1671 1241 1841 1294 animi,

344 1317 430 1378 qui
458 1317 534 1361 ita
561 1316 627 1359 sit
657 1328 806 1359 ausus
836 1312 1004 1368 ordiri,
1030 1311 1039 1327 ‘
1065 1311 1208 1358 Haec
1231 1310 1409 1375 loquor
1433 1311 1497 1359 de
1522 1313 1765 1358 universis
1788 1309 1799 1326 '
1822 1310 1842 1358 ?

344 1385 466 1433 nihil
497 1387 686 1447 excipit
715 1384 779 1431 de
809 1401 909 1447 quo
939 1400 1040 1430 non
1068 1383 1386 1446 profiteatur,
1416 1383 1539 1446 quid
1569 1386 1703 1430 enim
1733 1396 1844 1430 esse

343 1464 517 1521 potest
574 1463 721 1503 extra
776 1458 1010 1502 universa
1033 1456 1052 1502 ?
1120 1455 1244 1514 Quis
1299 1454 1434 1502 hunc
1489 1453 1843 1518 philosophum

344 1545 446 1575 non
479 1529 746 1590 anteponit
778 1525 1014 1573 Cleanthi
1046 1524 1327 1590 Chrysippo
1359 1525 1563 1590 reliquis
1594 1524 1842 1572 inferioris

346 1602 548 1654 aetatis,
598 1601 684 1661 qui
732 1596 855 1644 mihi
904 1615 1018 1644 cum
1065 1597 1149 1644 illo
1198 1597 1366 1644 collati
1415 1601 1625 1661 quintae
1673 1596 1842 1645 classis

346 1670 582 1716 videntur
605 1670 623 1716 ?
691 1669 866 1731 Atque
889 1671 930 1715 is
953 1685 1055 1715 non
1076 1667 1171 1716 hoc
1194 1669 1316 1716 dicit
1339 1668 1476 1731 quod
1498 1685 1606 1724 nos,
1630 1670 1716 1732 qui
1739 1669 1843 1714 veri

349 1757 459 1787 esse
497 1739 685 1803 aliquid
719 1756 821 1786 non
856 1756 1120 1803 negamus,
1155 1742 1346 1802 percipi
1379 1755 1527 1802 posse
1563 1753 1844 1803 negamus;

348 1811 430 1858 ille
460 1828 635 1858 verum
667 1810 818 1873 plane
855 1817 1013 1874 negat
1050 1825 1191 1866 esse3
1237 1825 1515 1873 sensusque
1550 1810 1706 1857 idem²
1743 1825 1845 1856 non

349 1883 583 1929 obscuros
627 1881 748 1928 dicit
791 1881 882 1929 sed
923 1882 1401 1928 tenebricosos—sic
1444 1883 1579 1928 enim
1622 1878 1847 1945 appellat

793 1980 809 2004 ²
839 1992 930 2020 non
950 1979 1139 2019 inseruit
1159 1979 1412 2019 Ascensius.

743 2034 760 2058 ²
791 2033 934 2074 Reid=
966 2046 1120 2074 sensus
1141 2031 1323 2086 quidem
1343 2032 1467 2074 codd.

410 2165 429 2185 a

413 2214 429 2239 δ
457 2163 743 2266 {begarently
772 2215 828 2254 he
858 2212 1028 2265 argued
1059 2213 1157 2253 that
1185 2211 1321 2252 black
1353 2225 1442 2253 was
1473 2211 1548 2252 the
1578 2211 1669 2252 real
1697 2211 1850 2253 colour

356 2268 406 2309 of
420 2281 542 2308 snow
560 2268 750 2308 because
767 2280 890 2307 snow
908 2269 944 2307 is
963 2270 1099 2307 water
1117 2265 1207 2306 and
1227 2269 1362 2307 water
1380 2265 1431 2307 of
1443 2279 1551 2319 very
1567 2269 1696 2319 great
1712 2265 1850 2319 depth

356 2324 392 2364 is
409 2336 517 2373 very
536 2321 652 2362 dark
671 2323 717 2362 in
736 2320 902 2362 colour.

417 2381 432 2401 ⁶
462 2375 636 2424 Sextus,
658 2375 889 2416 Adversus
915 2373 1245 2415 Mathematicos
1271 2374 1344 2415 vii.
1372 2375 1457 2414 265
1485 2375 1728 2425 Δημόκριτος
1754 2375 1775 2413 ὁ
1799 2374 1852 2424 τῇ

359 2433 449 2470 Διὸς
472 2430 585 2480 φωνῇ
605 2431 938 2481 παρεικαζόμενος
954 2432 1019 2468 καὶ
1042 2431 1172 2477 λέγων
1196 2427 1222 2444 “
1236 2430 1332 2467 τάδε
1347 2430 1437 2479 περὶ
1451 2430 1530 2467 τῶν
1545 2426 1832 2476 ξυμπάντων.”

415 2483 434 2508 ‘¹
462 2483 568 2524 This
595 2482 846 2535 proverbial
873 2484 1139 2534 expression,
1168 2481 1347 2522 derived
1373 2481 1489 2522 from
1516 2480 1591 2521 the
1617 2480 1852 2521 classifica-

359 2539 449 2577 tion
487 2537 537 2578 of
567 2537 642 2579 the
677 2536 940 2590 population
976 2535 1178 2578 ascribed
1213 2539 1260 2577 to
1296 2535 1418 2589 King
1453 2534 1632 2577 Servius
1666 2533 1851 2583 Tullius,

362 2606 453 2650 558
