1853 3001
844 158 1097 208 CICERO

226 290 344 340 tur.’
412 290 463 339 Si
505 291 711 355 quidem
754 308 843 337 nos
878 307 979 337 non
1014 293 1154 354 quasi
1193 289 1388 337 Graece
1422 287 1718 354 loquentem

228 374 489 421 audiamus
514 388 526 429 ;
566 373 716 419 docet
736 372 872 419 idem
895 371 990 418 alio
1011 371 1119 418 loco
1143 388 1154 418 ι

454 474 711 527 Graiugena
729 490 740 515 ε
773 473 829 515 de
849 473 951 514 isto1
972 474 1113 525 aperit
1133 474 1230 525 ipsa
1250 474 1405 514 oratio.

149 572 203 613 92
228 564 329 612 Sed
349 565 412 612 ad
431 566 622 611 maiora
637 564 921 611 redeamus.
991 562 1069 609 Ex
1090 561 1299 609 aethere
1318 565 1475 626 igitur
1492 564 1722 610 innume·

227 646 409 693 rabiles
437 645 671 692 flammae
698 644 919 692 siderum
948 647 1216 700 exsistunt,
1245 660 1458 707 quorum
1485 650 1564 691 est
1589 646 1723 706 prin-

229 745 346 791 ceps
388 727 461 775 sol
502 730 671 774 omnia
712 726 983 773 clarissima
1023 725 1135 772 luce
1177 724 1509 782 conlustrans,
1549 723 1722 772 multis

229 810 457 873 partibus
490 811 649 855 maior
683 815 839 871 atque
874 806 1084 869 amplior
1117 823 1271 870 quam
1303 814 1441 853 terra
1473 808 1723 863 universa,

231 891 416 939 deinde
479 889 675 953 reliqua
737 889 904 937 sidera
966 888 1401 952 magnitudinibus
1464 890 1720 935 inmensis.

230 973 404 1036 Atque
440 971 489 1018 hi
528 974 662 1019 tanti
696 974 840 1034 ignes
873 978 1085 1033 tamque
1114 969 1261 1016 multi
1290 986 1392 1016 non
1419 969 1571 1016 modo
1600 967 1724 1015 nihil

231 1061 417 1101 nocent
447 1057 594 1101 terris
626 1053 880 1116 rebusque
912 1052 1255 1107 terrestribus,
1287 1051 1378 1098 sed
1407 1054 1482 1098 ita
1511 1056 1724 1114 prosunt

231 1143 290 1183 ut
324 1139 365 1183 si
402 1138 549 1182 moti²
586 1134 693 1181 loco
730 1137 832 1181 sint
868 1133 1178 1197 conflagrare
1215 1140 1376 1180 terras
1414 1148 1621 1179 necesse
1658 1134 1724 1179 sit

231 1234 262 1265 a
313 1219 469 1265 tantis
525 1216 784 1264 ardoribus
838 1215 1188 1263 moderatione
1243 1221 1297 1262 et
1349 1216 1724 1276 temperatione

232 1298 446 1346 sublata.

153 1388 206 1428 93
294 1379 559 1427 XXXVII.
597 1377 625 1396 “
650 1378 748 1426 Hic
790 1395 886 1443 ego
927 1394 1029 1425 non
1068 1380 1221 1425 mirer
1263 1393 1373 1424 esse
1415 1392 1725 1440 quemquam

233 1465 319 1526 qui
357 1463 450 1509 sibi
488 1461 796 1524 persuadeat
834 1476 1042 1523 corpora
1079 1459 1332 1523 quaedam
1370 1457 1529 1506 solida
1567 1465 1723 1521 atque

231 1543 490 1591 individua
532 1546 599 1589 vi³
645 1549 699 1590 et
745 1545 998 1606 gravitate
1040 1539 1160 1588 ferri
1201 1540 1550 1603 mundumque
1598 1538 1725 1586 effici

233 1628 607 1673 ornatissimum
642 1631 696 1671 et
727 1622 1121 1686 pulcherrimum
1155 1638 1219 1669 ex
1254 1637 1428 1669 eorum
1461 1636 1725 1683 corporum

234 1709 557 1754 concursione
628 1704 880 1752 fortuita?
950 1704 1060 1750 Hoc
1130 1706 1216 1767 qui
1287 1705 1546 1750 existimat
1616 1701 1724 1748 fieri

234 1791 476 1851 potuisse,
513 1804 613 1834 non
654 1786 898 1850 intellego
935 1802 1023 1832 cur
1058 1802 1159 1832 non
1194 1785 1331 1832 idem
1372 1790 1540 1847 putet,
1576 1785 1615 1830 si
1652 1785 1726 1829 in·

235 1868 572 1917 numerabiles
610 1871 756 1915 unius
795 1875 848 1914 et
882 1869 1060 1931 viginti
1097 1865 1289 1913 formae
1325 1864 1610 1912 litterarum
1647 1862 1726 1911 vel

235 1967 420 1998 aureae
462 1949 541 1997 vel
583 1948 887 2013 qualeslibet
930 1948 1096 2011 aliquo
1139 1950 1431 2002 coiciantur,
1472 1962 1619 2008 posse
1662 1962 1725 1993 ex

234 2036 291 2080 iis
320 2035 372 2078 in
398 2039 587 2079 terram
617 2034 835 2078 excussis
865 2029 1070 2076 annales
1099 2029 1249 2075 Ennii
1275 2035 1334 2075 ut
1361 2028 1598 2090 deinceps
1625 2026 1726 2090 legi

235 2117 429 2177 possint
470 2113 632 2168 effici3
691 2113 827 2175 quod
868 2114 1036 2158 nescio
1077 2127 1142 2157 an
1181 2125 1247 2157 ne
1286 2112 1338 2155 in
1378 2125 1479 2155 uno
1519 2108 1725 2171 quidem

158 2203 213 2243 94
237 2212 383 2242 versu
435 2198 593 2258 possit
644 2200 847 2240 tantum
901 2192 1067 2239 valere
1119 2191 1337 2238 fortuna.
1408 2189 1499 2236 Isti
1551 2195 1725 2236 autem

237 2293 390 2340 quem
440 2276 504 2322 ad
552 2275 759 2322 modum
810 2275 1112 2321 adseverant
1161 2289 1225 2319 ex
1274 2270 1575 2334 corpusculis
1625 2286 1724 2316 non

236 2356 400 2404 calore
437 2373 538 2404 non
574 2355 823 2420 qualitate
861 2355 1028 2418 aliqua
1065 2354 1237 2418 (quam
1278 2351 1510 2414 ποιότητα
1546 2350 1725 2398 Graeci

297 2463 315 2491 ²
344 2466 453 2506 istoc
474 2464 622 2506 Bothe.
1028 2461 1045 2486 ²
1075 2462 1184 2501 moti
1205 2461 1307 2501 dett.
1327 2476 1338 2502 ε
1371 2462 1494 2501 mota
1515 2457 1577 2506 A,
1597 2457 1652 2500 Β.

738 2517 756 2543 ⁸
783 2523 909 2562 <sua>
928 2517 973 2557 vi
991 2514 1242 2556 Lambinus.

251 2593 345 2637 212
