1853 3001
842 219 1092 268 CICERO

220 367 338 399 cum
368 350 580 398 deorum
611 353 819 396 notione
847 348 1338 412 comprehendimus
1406 349 1551 397 Idem
1577 355 1633 397 et
1661 351 1715 394 in

220 429 429 476 Timaeo
461 428 585 474 dicit
618 433 673 473 et
704 430 757 472 in
791 425 1015 490 Legibus
1050 434 1104 473 et
1134 427 1382 473 mundum
1416 427 1570 473 deum
1603 441 1714 473 esse

223 513 278 553 et
305 504 503 552 caelum
533 511 587 551 et
616 510 753 550 astra
783 510 837 550 et
864 511 1056 550 terram
1085 510 1140 550 et
1168 507 1360 550 animos
1391 511 1445 550 et
1475 520 1560 550 eos
1589 519 1715 567 quos

221 586 469 630 maiorum
496 584 745 628 institutis
776 584 1096 644 accepimus3
1145 597 1277 644 quae
1309 588 1363 628 et
1391 597 1484 643 per
1512 597 1567 628 se
1597 586 1718 628 sunt

222 660 349 707 falsa
375 654 641 722 perspicue
673 665 727 705 et
754 661 889 704 inter
917 675 972 704 se
1002 657 1335 705 vehementer
1361 661 1718 722 repugnantia.

146 746 196 785 31
224 740 400 801 Atque
446 740 602 783 etiam
649 734 937 798 Xenophon
977 736 1296 798 paucioribus
1335 737 1500 782 verbis
1542 736 1722 782 eadem

224 815 333 862 fere
362 821 578 877 peccat3
627 812 751 859 facit
783 816 918 859 enim
949 816 1001 858 in
1031 816 1090 859 iis
1123 829 1254 876 quae
1288 830 1317 859 a
1348 812 1555 860 Socrate
1588 813 1723 859 dicta

223 891 427 939 rettulit
467 889 729 937 Socratem
771 890 1122 952 disputantem
1164 889 1379 936 formam
1423 890 1506 936 dei
1549 892 1724 953 quaeri

226 986 328 1017 non
350 975 605 1031 oportere,
630 967 954 1029 eundemque
981 974 1034 1013 et
1059 966 1216 1013 solem
1242 974 1296 1013 et
1321 970 1546 1013 animum
1571 967 1724 1014 deum

226 1048 412 1101 dicere,
461 1052 515 1092 et
560 1044 712 1091 modo
761 1061 919 1090 unum
967 1051 1078 1090 tum
1127 1051 1302 1090 autem
1348 1043 1518 1106 plures
1566 1044 1724 1099 deos3

228 1139 359 1187 quae
393 1129 512 1168 sunt
543 1122 707 1168 isdem
739 1123 792 1167 in
826 1124 1004 1167 erratis
1038 1120 1146 1167 fere
1181 1122 1362 1184 quibus
1399 1137 1460 1167 ea
1493 1137 1625 1184 quae
1659 1120 1725 1167 de

148 1209 202 1249 32
228 1201 440 1247 Platone
483 1200 716 1246 diximus.
785 1198 933 1245 XIII.
969 1199 1144 1261 Atque
1189 1201 1345 1245 etiam
1387 1197 1724 1245 Antisthenes

226 1283 279 1325 in
318 1294 378 1324 eo
417 1276 543 1323 libro
584 1279 670 1338 qui
710 1274 951 1338 Physicus
983 1276 1271 1321 inscribitur
1308 1274 1563 1338 popularis
1603 1275 1724 1322 deos

226 1355 412 1402 multos
455 1352 740 1400 naturalem
783 1369 941 1398 unum
985 1369 1094 1398 esse
1138 1353 1309 1399 dicens
1351 1352 1486 1399 tollit
1527 1355 1627 1398 vim
1671 1358 1725 1398 et

227 1440 463 1480 naturam
524 1431 750 1477 deorum.
820 1429 927 1476 Nec
987 1429 1148 1476 multo
1209 1446 1352 1476 secus
1413 1428 1724 1492 Speusippus

229 1510 496 1556 Platonem
536 1506 839 1553 avunculum
879 1507 1193 1569 subsequens
1235 1513 1288 1553 et
1327 1509 1428 1552 vim
1468 1507 1723 1569 quandam

227 1589 399 1636 dicens
425 1602 527 1649 qua
551 1588 721 1631 onmia
745 1591 1006 1648 regantur,
1034 1600 1250 1647 eamque
1278 1583 1566 1640 animalem,
1593 1582 1724 1630 evel-

148 1674 203 1713 33
227 1666 331 1712 lere
349 1681 412 1711 ex
438 1665 616 1709 animis
641 1669 853 1708 conatur
877 1665 1220 1725 cognitionem
1237 1662 1462 1708 deorum.
1530 1662 1725 1707 Aristo-

226 1742 458 1805 telesque
493 1743 546 1786 in
581 1742 735 1786 tertio
771 1739 835 1786 de
870 1737 1186 1801 philosophia
1214 1738 1341 1785 libro
1363 1737 1526 1785 multa
1548 1739 1724 1785 turbat

229 1837 258 1867 a
292 1821 536 1882 magistro
575 1822 684 1864 suo1
721 1815 934 1863 Platone
971 1821 1154 1868 <non>²
1191 1816 1529 1871 dissentiens3
1573 1815 1724 1862 modo

228 1900 363 1944 enim
392 1898 554 1942 menti
584 1894 765 1941 tribuit
796 1910 999 1940 omnem
1031 1894 1370 1948 divinitatem,
1399 1893 1550 1939 modo
1580 1908 1726 1938 mun·-

227 1975 349 2022 dum
382 1977 548 2036 ipsum
583 1972 737 2018 deum
773 1972 895 2018 dicit
931 1987 1058 2026 esse,
1093 1971 1244 2017 modo
1280 1969 1433 2016 alium
1469 1969 1725 2033 quendam

226 2051 456 2114 praeficit
488 2049 678 2095 mundo
715 2051 863 2111 eique
901 2064 984 2094 eas
1019 2051 1177 2110 partis
1211 2048 1393 2094 tribuit
1426 2054 1484 2094 ut
1516 2045 1726 2109 replica-

227 2133 366 2176 tione
406 2127 627 2191 quadam
665 2126 841 2172 mundi
881 2132 1077 2171 motum
1117 2132 1265 2188 regat
1304 2131 1460 2187 atque
1499 2131 1724 2180 tueatur,

401 2234 419 2260 ²
447 2246 528 2274 suo
550 2233 652 2272 dett.
672 2248 684 2274 ε
723 2246 812 2272 uno
833 2233 893 2279 Α,
914 2231 967 2272 Β.
1238 2231 1256 2256 ²
1289 2230 1536 2271 Manutius.

291 2366 311 2386 ⁰
341 2360 433 2400 The
458 2358 777 2399 Memorabilia.

291 2413 308 2439 δ
340 2414 438 2476 One
460 2415 509 2453 of
525 2411 808 2475 the-popular
827 2413 1024 2479 treatises
1045 2411 1096 2451 of
1111 2409 1320 2451 Aristotle
1340 2414 1417 2450 not
1438 2423 1535 2450 now
1555 2413 1719 2459 extant,

236 2467 449 2561 quptgcgg.
476 2468 1104 2571 ἶιῗςζῖτίἒοξγόξρξὴὲἰιέἒςὲὲὶῗὲ
1138 2519 1174 2558 is
1202 2530 1230 2557 a
1264 2516 1478 2569 probable
1515 2515 1721 2557 emenda-

235 2577 344 2622 tion,
362 2576 480 2615 since
501 2574 575 2614 the
595 2572 913 2614 identification
933 2573 984 2613 of
998 2572 1073 2613 the
1094 2571 1358 2624 Peripatetic
1375 2569 1596 2612 doctrines
1614 2569 1719 2611 with

234 2644 297 2688 34
