1919 3006
929 160 1182 210 CICERO

308 288 526 346 videtur,
548 306 662 336 cum
685 305 715 335 a
734 304 789 336 re
811 291 920 352 ipsa
942 289 1261 344 descisceret,
1282 292 1504 336 retinere
1527 288 1803 336 voluisse-

308 357 446 420 quod
479 364 625 404 erant
659 360 744 419 qui
777 356 916 403 illum
951 356 1139 419 gloriae
1173 373 1325 403 causa
1357 356 1525 403 facere
1559 357 1804 413 dicerent,

308 440 512 486 sperare
559 427 714 471 etiam
759 431 818 471 ut
861 427 894 469 ii
941 427 1026 486 qui
1071 440 1124 471 se
1169 430 1505 487 sequerentur
1549 423 1804 471 Antiochii

309 498 622 538 vocarentur.
695 490 825 537 Mihi
850 498 1023 538 autem
1047 495 1207 555 magis
1233 492 1433 538 videtur
1456 508 1557 538 non
1579 495 1805 554 potuisse

309 562 558 606 sustinere
585 575 881 605 concursum
907 562 1131 605 omnium
1156 557 1567 621 philosophorum
1592 558 1807 621 (etenim

309 625 374 673 de
403 629 584 672 ceteris
614 633 732 672 sunt
759 629 893 672 inter
921 625 1028 672 illos
1057 643 1158 672 non
1187 625 1324 672 nulla
1351 629 1653 681 communia,
1681 625 1808 673 haec

309 693 730 740 Academicorum
767 701 846 740 est
882 710 982 740 una
1018 696 1277 740 sententia
1312 710 1465 756 quam
1500 692 1807 756 reliquorum

308 759 717 823 philosophorum
756 777 905 807 nemo
941 760 1181 823 probet);
1229 763 1404 823 itaque
1441 763 1609 816 cessit,
1647 767 1717 816 et,
1750 766 1809 807 ut

308 830 340 873 ii
369 831 455 890 qui
480 828 573 875 sub
608 828 759 874 Novis
786 827 943 874 solem
968 844 1069 874 non
1101 826 1290 883 ferunt,
1315 831 1440 874 item
1469 826 1552 873 ille
1583 844 1698 874 cum
1728 843 1810 873 ae-

310 901 508 942 stuaret
531 902 763 942 veterum
793 902 851 942 ut
883 895 1273 942 Maenianorum
1297 898 1366 941 sic
1389 895 1810 941 Academicorum

233 968 284 1009 71
312 963 544 1009 umbram
560 969 763 1009 secutus
791 969 883 1009 est.
953 961 1170 1025 Quoque
1197 961 1393 1009 solebat
1412 965 1488 1009 uti
1509 967 1811 1026 argumento

309 1036 421 1076 tum
437 1047 552 1076 cum
570 1033 615 1076 ei
631 1029 866 1092 placebat
884 1028 1005 1075 nihil
1020 1045 1167 1092 posse
1178 1032 1386 1092 percipi,
1397 1046 1511 1076 cum
1523 1036 1810 1092 quaereret,

314 1097 586 1160 Dionysius
631 1096 714 1144 ille
762 1096 1092 1144 Heracleotes
1133 1105 1305 1144 utrum
1345 1095 1812 1159 comprehendisset

311 1171 453 1211 certa
475 1164 561 1210 illa
585 1171 709 1211 nota
733 1181 835 1227 qua
861 1165 1103 1211 adsentiri
1129 1165 1294 1210 dicitis
1320 1163 1811 1226 oportere—illudne

311 1232 448 1294 quod
493 1231 679 1278 multos
728 1248 883 1278 annos
931 1235 1180 1278 tenuisset
1227 1232 1520 1294 Zenonique
1567 1233 1811 1294 magistro

311 1299 625 1354 credidisset,
665 1297 938 1346 honestum
977 1298 1114 1362 quod
1154 1306 1291 1346 esset
1330 1298 1382 1345 id
1419 1299 1611 1345 bonum
1650 1297 1812 1345 solum

312 1382 441 1422 esse,
477 1383 541 1412 an
577 1366 713 1429 quod
747 1373 928 1428 postea
963 1365 1391 1421 defensitavisset‚
1426 1364 1627 1412 honesti
1660 1368 1811 1411 inane

311 1449 498 1480 nomen
522 1450 650 1489 esse,
674 1433 991 1495 voluptatem
1016 1449 1125 1480 esse
1149 1450 1403 1479 summum
1425 1433 1616 1480 bonum
1639 1432 1810 1495 ?—qui

311 1516 377 1548 ex
404 1500 533 1548 illius
563 1508 878 1548 commutata
906 1503 1164 1547 sententia
1192 1501 1374 1547 docere
1403 1499 1558 1547 vellet
1586 1498 1709 1546 nihil
1736 1502 1812 1546 ita

310 1571 498 1632 signari
517 1571 569 1614 in
591 1571 768 1615 animis
789 1571 971 1615 nostris
995 1584 1024 1614 a
1045 1584 1162 1614 vero
1183 1584 1330 1631 posse
1352 1567 1488 1631 quod
1507 1583 1609 1614 non
1630 1566 1811 1614 eodem

311 1636 462 1682 modo
488 1642 661 1698 posset
688 1652 717 1681 a
743 1634 885 1691 falso,
912 1638 952 1682 is
979 1638 1172 1682 curavit
1199 1635 1335 1697 quod
1362 1641 1721 1699 argumentum
1747 1649 1811 1680 ex

313 1703 557 1766 Dionysio
576 1706 684 1765 ipse
705 1706 1002 1765 sumpsisset
1023 1718 1085 1749 ex
1108 1719 1168 1749 eo
1189 1705 1347 1749 ceteri
1366 1708 1642 1749 sumerent.
1711 1700 1812 1748 Sed

311 1787 427 1818 cum
444 1770 538 1817 hoc
559 1769 653 1817 alio
672 1769 780 1817 loco
798 1769 960 1833 plura,
978 1786 1112 1816 nunc
1131 1770 1196 1816 ad
1215 1786 1276 1816 ea
1295 1785 1426 1833 quae
1446 1786 1476 1816 a
1493 1776 1565 1825 te,
1585 1767 1812 1825 Luculle,

313 1837 450 1885 dicta
473 1845 605 1884 sunt.

371 1993 390 2012 ⁰
417 1987 568 2028 Novae
609 1987 840 2034 Tabernae,
878 2000 907 2027 a
943 2000 1035 2027 row
1072 1986 1122 2027 of
1155 1985 1457 2027 silversmiths’
1495 1985 1586 2026 and
1624 1998 1809 2038 money-

313 2041 544 2093 changers'
567 2041 726 2082 booths
747 2040 940 2093 skirting
960 2041 1035 2081 the
1057 2040 1235 2081 Forum.

374 2096 389 2120 ⁶
421 2095 600 2136 Timber
628 2094 850 2136 balconies
879 2094 1025 2135 added
1054 2098 1100 2135 to
1129 2095 1263 2147 shops
1288 2093 1431 2135 round
1460 2093 1535 2134 the
1560 2092 1739 2141 Forum,
1763 2096 1809 2133 to

313 2149 647 2190 accommodate
667 2153 910 2202 spectators
930 2153 978 2189 at
997 2149 1071 2189 the
1092 2161 1260 2201 games.
1315 2148 1522 2189 Maenius
1543 2160 1633 2187 was
1653 2145 1807 2187 consul

312 2206 397 2246 338
420 2217 499 2244 B.c.

370 2263 385 2282 ⁶
413 2256 661 2297 Antiochus
690 2255 777 2296 had
809 2255 982 2297 refuted
1015 2255 1090 2296 the
1122 2255 1320 2296 doctrine
1353 2254 1451 2295 that
1481 2253 1604 2295 truth
1636 2266 1721 2295 can
1748 2253 1805 2295 be

311 2309 541 2352 discerned
568 2310 757 2351 because
778 2312 811 2350 it
833 2309 1095 2351 commands
1120 2309 1195 2349 the
1215 2310 1463 2350 instinctive
1483 2312 1631 2349 assent
1655 2308 1707 2348 of
1728 2307 1805 2349 the

316 2365 438 2406 mind
472 2364 534 2417 by
563 2366 768 2417 pointing
801 2367 879 2404 out
911 2363 1010 2404 that
1041 2377 1069 2404 a
1097 2365 1350 2416 prominent
1381 2366 1604 2415 exponent
1635 2362 1687 2402 of
1715 2361 1803 2402 this

311 2418 509 2459 doctrine
530 2417 619 2459 had
639 2422 686 2459 at
705 2418 910 2458 different
930 2420 1057 2458 times
1078 2416 1281 2457 assented
1301 2420 1348 2457 to
1368 2421 1456 2458 two
1473 2414 1805 2468 contradictor-y

310 2475 528 2525 opinions.
588 2472 676 2512 Yet
709 2471 764 2513 he
797 2471 978 2512 himself
1010 2470 1121 2512 later
1154 2484 1212 2512 on
1240 2469 1501 2512 underwent
1533 2483 1592 2510 an
1625 2468 1804 2523 equally
1862 2484 1864 2488 ·

310 2526 475 2567 violent
493 2525 666 2579 change
685 2526 737 2566 of
751 2527 946 2578 opinion.

318 2591 413 2640 556
