1919 3006
929 219 1180 268 CICERO

307 366 519 414 squama
546 349 773 396 videmus
802 349 1065 405 obductas,
1095 349 1214 395 alias
1245 364 1354 395 esse
1382 349 1613 396 cornibus
1641 365 1800 395 arma-

308 434 405 484 tas,
439 427 558 473 alias
591 426 780 473 habere
815 425 1000 490 effugia
1031 429 1312 488 pinnarum.
1383 425 1593 473 Pastum
1625 433 1800 473 autem

310 505 649 552 animantibus
678 503 818 568 large
853 511 907 551 et
936 507 1135 567 copiose
1159 511 1341 551 natura
1368 520 1484 550 eum
1508 507 1595 568 qui
1617 506 1799 568 cuique

310 590 458 645 aptus
525 589 635 629 erat
698 584 1023 644 comparavit.
1093 581 1406 629 Enumerare
1469 597 1674 644 possum
1737 581 1803 629 ad

311 677 428 707 eum
477 667 682 722 pastum
733 659 1100 722 capessendum
1151 659 1620 723 conficiendumque
1671 675 1804 722 quae

309 740 374 785 sit
399 740 452 784 in
481 737 650 801 figuris
679 740 1014 784 animantium
1043 744 1096 784 et
1124 754 1277 800 quam
1304 736 1475 784 sollers
1504 736 1804 800 subtilisque

310 816 567 877 discrIptio
633 818 855 878 partium
921 831 1176 878 quamque
1243 814 1548 862 admirabilis
1614 813 1805 861 fabrica

309 893 666 939 membrorum.
755 892 940 940 Omnia
1000 895 1152 949 enim,
1212 908 1343 955 quae
1403 892 1610 955 quidem
1667 895 1803 939 intus

308 970 498 1017 inclusa
530 977 666 1026 sunt,
696 972 771 1017 ita
801 977 925 1016 nata
956 977 1112 1033 atque
1142 972 1217 1016 ita
1246 968 1413 1016 locata
1443 975 1563 1017 sunt
1592 976 1652 1016 ut
1681 968 1805 1015 nihil

309 1064 483 1095 eorum
506 1064 938 1110 supervacaneum
961 1050 1043 1103 sit,
1067 1046 1191 1094 nihil
1215 1047 1278 1094 ad
1303 1050 1460 1094 vitam
1481 1047 1805 1094 retinendam

206 1132 283 1172 122
308 1142 409 1172 non
430 1128 784 1172 necessarium.
856 1125 1016 1172 Dedit
1039 1131 1213 1171 autem
1236 1125 1417 1172 eadem
1438 1131 1622 1172 natura
1642 1124 1804 1172 beluis

309 1210 364 1250 et
386 1219 590 1250 sensum
616 1209 669 1249 et
693 1205 999 1264 appetitum,
1024 1208 1082 1249 ut
1107 1201 1266 1249 altero
1291 1208 1530 1249 conatum
1553 1200 1805 1250 haberent

308 1281 374 1328 ad
404 1279 660 1327 naturales
692 1287 867 1342 pastus
900 1280 1253 1341 capessendos,
1285 1279 1446 1327 altero
1477 1287 1804 1328 secernerent

308 1357 553 1421 pestifera
577 1374 607 1404 a
631 1357 952 1405 salutaribus.
1026 1357 1137 1404 Iam
1162 1373 1279 1404 vero
1305 1356 1403 1404 alia
1432 1357 1668 1404 animalia
1691 1374 1805 1422 gra-

308 1436 493 1483 diendo
511 1434 607 1482 alia
626 1435 876 1497 serpendo
894 1435 956 1482 ad
973 1442 1178 1497 pastum
1194 1435 1460 1492 accedunt,
1477 1434 1575 1482 alia
1589 1434 1803 1483 volando

309 1513 406 1560 alia
436 1513 622 1569 nando,
654 1513 925 1576 cibumque
956 1515 1143 1575 partim
1175 1515 1271 1560 oris
1303 1511 1448 1560 hiatu
1479 1519 1534 1560 et
1563 1513 1802 1561 dentibus

307 1594 426 1653 ipsis
478 1598 766 1653 capessunt,
818 1593 1005 1653 partim
1056 1593 1302 1654 unguium
1352 1593 1634 1638 tenacitate
1685 1594 1803 1638 arri-

308 1672 473 1731 piunt,
526 1671 714 1731 partim
767 1668 1063 1715 aduncitate
1116 1674 1410 1724 rostrorum,
1464 1667 1562 1715 alia
1612 1675 1803 1733 sugunt

307 1745 405 1792 alia
429 1752 644 1808 carpunt
669 1744 767 1791 alia
791 1752 970 1792 vorant
1000 1747 1098 1792 alia
1120 1745 1386 1792 mandunt.
1445 1746 1620 1809 Atque
1646 1749 1802 1793 etiam

308 1823 518 1912 aliorQ
546 1839 607 1870 ea
635 1830 713 1870 est
739 1821 996 1869 humilitas
1025 1829 1084 1870 ut
1110 1823 1280 1870 cibum
1307 1829 1604 1870 terrestrem
1629 1827 1802 1871 rostris

205 1906 282 1948 123
308 1900 455 1947 facile
507 1903 807 1964 contingant
830 1916 842 1957 3
914 1916 1045 1964 quae
1099 1907 1273 1947 autem
1325 1899 1505 1947 altiora
1554 1907 1692 1957 sunt,
1743 1908 1802 1949 ut

306 1994 508 2026 anseres
554 1985 612 2025 ut
657 1981 808 2042 cygni
853 1985 912 2025 ut
955 1994 1106 2042 grues
1152 1984 1212 2025 ut
1256 1977 1452 2034 cameli,
1498 1977 1802 2026 adiuvantur

304 2058 612 2119 proceritate
645 2054 920 2111 collorum3
970 2071 1148 2102 manus
1183 2058 1339 2102 etiam
1371 2055 1494 2102 data
1526 2054 1799 2118 elephanto

306 2141 401 2190 est,
447 2136 566 2196 quia
609 2140 818 2196 propter
861 2133 1269 2196 magnitudinem
1314 2135 1530 2195 corporis
1575 2132 1798 2180 difficiles

306 2211 471 2258 aditus
498 2209 724 2257 habebat
750 2210 814 2257 ad
840 2217 1060 2273 pastum.
1130 2209 1369 2256 XLVIII.
1406 2210 1479 2257 At
1505 2210 1685 2273 quibus
1710 2211 1798 2257 be-

304 2291 410 2335 stiis
442 2294 552 2334 erat
581 2290 620 2334 is
650 2287 788 2334 cibus
817 2294 876 2334 ut
909 2286 1053 2334 alius¹
1082 2290 1282 2350 generis
1312 2287 1508 2333 bestiis²
1538 2302 1798 2334 vesceren-

304 2370 403 2422 tur,
424 2371 514 2412 aut
533 2367 661 2411 vires
682 2371 866 2410 natura
885 2364 1027 2411 dedit
1049 2371 1138 2410 aut
1158 2363 1490 2410 celeritatem.
1559 2363 1698 2411 Data
1718 2371 1797 2412 est

832 2504 848 2528 ²
879 2502 991 2543 alius
1013 2503 1096 2543 det.
1117 2519 1127 2542 ε
1160 2501 1270 2543 aliis.

305 2556 324 2584 ¹
352 2557 502 2598 bestiis
525 2557 628 2598 dett.
649 2573 660 2599 ε
691 2559 799 2598 escis
817 2557 876 2605 A,
896 2556 937 2597 B
955 2555 1180 2609 (animalis
1197 2557 1371 2610 generis
1391 2558 1500 2598 escis
1519 2556 1794 2611 ?Pla3ber9).

310 2645 402 2689 238
