1919 3006
231 538 307 579 135

955 225 1207 274 CICERO

332 358 548 406 videtur.
626 357 696 404 Et
740 363 933 411 tamen,
976 358 1071 402 nisi
1115 355 1419 402 alterutrum
1461 357 1545 411 sit,
1589 357 1830 402 virtutem

331 447 495 490 iacere
519 442 669 506 plane
693 449 819 505 puto
844 457 855 497 3
897 457 1073 487 verum
1095 444 1148 486 in
1169 439 1246 487 his
1271 440 1574 503 discrepant.

395 526 579 574 XLIV.
617 525 644 542 “
671 526 824 584 Quid,
849 524 934 571 illa
958 528 1011 571 in
1037 526 1218 588 quibus
1244 527 1570 572 consentiunt
1593 541 1716 571 num
1740 539 1832 587 pro

333 616 462 659 veris
500 612 715 674 probare
755 611 1062 673 possumus?
1135 609 1389 673 Sapientis
1429 613 1654 656 animum
1691 626 1834 656 num-

334 713 488 760 quam
532 711 626 742 nec
671 695 954 757 cupiditate
998 697 1190 740 moveri
1234 710 1328 740 nec
1371 693 1572 740 laetitia
1615 692 1835 740 ecferri?

333 797 447 845 age,
469 780 596 827 haec
617 779 899 843 probabilia
921 795 1042 825 sane
1067 782 1168 825 sint
1191 795 1202 825 t
1244 796 1367 825 num
1391 782 1547 825 etiam
1569 777 1670 834 illa,
1693 795 1836 824 num-

333 884 487 930 quam
535 869 737 921 timere,
786 881 1065 927 numquam
1114 863 1327 911 dolere?
1409 863 1687 927 Sapiensne
1735 880 1837 910 non

332 956 516 998 timeat
543 967 607 997 ne
632 954 799 1013 patria
824 949 1093 997 deleatur?
1142 966 1244 995 non
1269 948 1442 997 doleat
1465 953 1506 997 si
1530 949 1704 997 deleta
1728 952 1795 996 sit
1816 949 1835 996 ?

334 1037 550 1092 Durum,
584 1036 675 1083 sed
710 1035 901 1082 Zenoni
937 1038 1295 1090 necessarium,
1325 1037 1405 1081 cui
1440 1042 1646 1098 praeter
1680 1034 1835 1081 hone-

333 1129 469 1169 stum
494 1120 617 1167 nihil
643 1128 721 1167 est
745 1123 798 1166 in
820 1121 965 1166 bonis
985 1136 997 1175 3
1033 1121 1127 1166 tibi
1152 1136 1288 1175 vero,
1313 1119 1585 1176 Antioche,
1607 1123 1834 1176 minime,

331 1210 411 1254 cui
447 1213 653 1269 praeter
687 1205 1014 1252 honestatem
1050 1204 1213 1252 multa
1247 1206 1399 1261 bona,
1434 1212 1642 1268 praeter
1677 1209 1835 1268 turpi-

332 1292 565 1338 tudinem
610 1290 774 1337 multa
818 1289 953 1336 mala
998 1290 1252 1346 videntur,
1299 1306 1431 1353 quae
1477 1297 1533 1338 et
1577 1293 1836 1337 venientia

332 1383 535 1423 metuat
568 1378 769 1438 sapiens
804 1391 1011 1421 necesse
1047 1382 1126 1421 est
1161 1382 1216 1422 et
1248 1378 1445 1421 venisse
1479 1374 1666 1422 doleat.
1735 1374 1836 1422 Sed

334 1477 523 1524 quaero
577 1460 779 1523 quando
825 1463 925 1506 ista
969 1458 1160 1506 fuerint
1207 1460 1290 1506 ab1
1336 1460 1617 1507 Academia
1661 1468 1835 1507 vetere

333 1546 558 1600 decreta,
601 1552 660 1591 ut
708 1547 933 1590 animum
979 1547 1223 1606 sapientis
1270 1547 1573 1591 commoveri
1620 1552 1675 1592 et
1720 1562 1835 1592 con-

338 1631 531 1677 turbari
557 1637 823 1693 negarent.
883 1628 1270 1676 Mediocritates
1288 1629 1359 1675 illi
1382 1631 1687 1693 probabant,
1706 1638 1761 1678 et
1782 1634 1835 1678 in

332 1718 469 1762 omni
501 1717 820 1777 permotione
851 1714 1137 1761 naturalem
1167 1714 1407 1762 volebant
1437 1731 1547 1762 6556
1578 1716 1834 1779 quendam

331 1801 554 1847 modum.
617 1799 858 1863 Legimus
876 1816 1049 1846 omnes
1067 1800 1323 1847 Crantoris
1339 1803 1526 1848 veteris
1541 1802 1832 1850 Academici

332 1885 413 1931 De
457 1884 659 1940 Luctu3
704 1891 783 1931 est
825 1887 960 1930 enim
996 1901 1098 1931 non
1133 1902 1349 1948 magnus
1389 1901 1565 1932 verum
1601 1886 1832 1934 aureolus

334 1976 405 2025 et,
455 1976 514 2015 ut
562 1969 817 2015 Tuberoni
868 1968 1142 2016 Panaetius
1191 1973 1456 2032 praecipit,
1507 1970 1573 2018 ad
1621 1972 1830 2018 verbum

331 2054 629 2100 ediscendus
655 2053 868 2100 libellus.
929 2055 1103 2117 Atque
1128 2054 1197 2100 illi
1223 2055 1428 2118 quidem
1455 2059 1610 2103 etiam
1635 2056 1830 2104 utiliter

329 2155 360 2185 a
394 2146 578 2185 natura
615 2139 853 2185 dicebant
889 2143 1232 2202 permotiones
1269 2143 1391 2187 istas
1429 2143 1606 2188 animis
1643 2145 1826 2189 nostris

329 2224 493 2278 datas,
518 2231 714 2270 metum
744 2224 955 2271 cavendi
985 2241 1152 2281 causa,
1181 2226 1575 2273 misericordiam
1604 2231 1823 2291 aegritu-

326 2308 598 2370 dinemque
647 2308 980 2365 clementiae3
1023 2313 1183 2372 ipsam
1224 2311 1534 2358 iracundiam
1570 2311 1824 2360 fortitudi-

330 2396 405 2439 nis
441 2396 584 2455 quasi
621 2400 790 2439 cotem
832 2410 941 2441 esse
984 2395 1240 2451 dicebant,
1276 2403 1416 2443 recte
1457 2412 1667 2444 secusne
1704 2397 1825 2445 alias

915 2482 928 2505 ¹
961 2481 1017 2520 ab
1040 2483 1121 2522 ins.
1146 2483 1243 2522 edd.

950 2572 969 2590 ι·
1000 2568 1070 2617 of.
1093 2572 1111 2614 5
1133 2570 1203 2608 27.

341 2541 654 2551 —-.—-—.q

327 2626 423 2675 642
