1919 3006
536 645 744 693 LIBER
780 644 1163 693 SECUNDUS.
1234 645 1608 694 LUCULLUS

867 755 1059 818 (EDITIO
1084 755 1257 819 PRIOR)

264 876 284 917 ι
376 865 414 912 Ι.
454 864 706 928 Magnum
723 867 986 927 ingenium
1005 863 1062 910 L.
1085 863 1281 911 Luculli
1300 881 1646 929 magnumque
1670 867 1802 928 opti·

309 950 506 979 marum
531 935 716 978 artium
740 932 983 987 studium,
1007 938 1118 978 tum
1143 935 1303 978 omnis
1326 932 1545 979 liberalis
1569 939 1624 980 et
1646 933 1802 997 digna

311 1000 513 1047 homine
544 999 698 1046 nobili
728 1000 791 1046 ab
823 1015 882 1045 eo
911 1006 1156 1061 percepta
1185 1000 1430 1056 doctrina,
1460 1001 1642 1063 quibus
1671 1007 1801 1047 tem-

311 1069 515 1131 poribus
543 1066 721 1113 florere
747 1069 801 1112 in
828 1065 935 1113 foro
963 1070 1185 1113 maxime
1212 1070 1382 1129 potuit
1409 1071 1571 1114 caruit
1597 1070 1802 1114 omnino

312 1136 462 1182 rebus
487 1135 704 1181 urbanis.
777 1133 852 1181 Ut
876 1137 1011 1180 enim
1047 1134 1321 1181 admodum
1357 1134 1651 1182 adulescens
1686 1151 1802 1181 cum

313 1202 470 1250 fratre
512 1205 622 1265 pari
662 1204 860 1264 pietate
905 1208 958 1248 et
999 1202 1248 1248 industria
1289 1203 1521 1264 praedito
1563 1209 1803 1265 paternas

312 1272 597 1316 inimicitias
615 1285 804 1332 magna
820 1286 935 1315 cum
953 1268 1113 1332 gloria
1131 1276 1210 1315 est
1227 1277 1541 1332 persecutus,
1557 1273 1609 1316 in
1628 1270 1804 1316 Asiam

314 1344 554 1402 quaestor
594 1336 851 1399 profectus
893 1337 961 1383 ibi
1003 1336 1281 1398 permultos
1325 1354 1481 1384 annos
1524 1335 1803 1384 admirabili

315 1405 535 1468 quadam
573 1403 724 1451 laude
761 1407 1047 1466 provinciae
1085 1403 1343 1466 praefuit;
1399 1405 1585 1452 deinde
1624 1406 1806 1451 absens

316 1472 480 1520 factus
504 1471 697 1528 aedilis,
719 1474 958 1518 continuo
979 1478 1185 1534 praetor
1207 1471 1415 1536 (licebat
1438 1475 1573 1518 enim
1596 1471 1808 1518 celerius

316 1539 442 1604 legis
465 1538 731 1602 praemio),
755 1545 873 1602 post
895 1541 947 1584 in
973 1537 1215 1596 Africam,
1238 1539 1358 1586 inde
1383 1539 1449 1587 ad
1472 1538 1808 1595 consulatum,

317 1623 471 1672 quem
498 1610 573 1654 ita
598 1609 759 1670 gessit
785 1613 844 1653 ut
872 1606 1189 1670 diligentiam
1218 1607 1589 1654 admirarentur
1615 1622 1809 1663 omnes,

316 1677 579 1739 ingenium
608 1681 957 1738 agnoscerent.
1022 1673 1144 1721 Post
1173 1674 1238 1721 ad
1269 1673 1676 1721 Mithridaticum
1703 1672 1810 1720 bel-

320 1743 423 1789 lum
471 1746 651 1789 missus
699 1759 730 1788 a
776 1748 959 1788 senatu
1007 1758 1109 1788 non
1155 1742 1307 1789 modo
1355 1745 1644 1804 opinionem
1691 1743 1811 1788 vicit

320 1812 545 1858 omnium
572 1825 702 1872 quae
727 1808 792 1855 de
818 1812 1008 1856 virtute
1034 1812 1140 1855 eius
1166 1816 1277 1856 erat
1304 1809 1395 1857 sed
1421 1812 1576 1857 etiam
1599 1808 1811 1873 gloriam

263 1887 289 1928 2
324 1880 638 1941 superiorum
661 1892 673 1934 ς
711 1877 865 1940 idque
887 1892 948 1923 eo
968 1875 1066 1923 fuit
1085 1876 1360 1924 mirabilius
1381 1877 1517 1941 quod
1537 1877 1602 1924 ab
1623 1892 1683 1924 eo
1702 1875 1812 1923 laus

382 2020 401 2040 ⁰
427 2015 533 2056 This
565 2015 692 2055 Book
722 2014 907 2068 belongs
935 2020 980 2055 to
1003 2016 1077 2056 the
1105 2015 1199 2056 first
1225 2015 1390 2057 edition
1420 2016 1470 2057 of
1493 2016 1567 2056 the
1594 2015 1716 2057 work
1747 2017 1812 2068 (in

324 2069 466 2110 which
499 2072 532 2109 it
566 2082 654 2109 was
693 2069 926 2110 dedicated
966 2073 1011 2109 to
1051 2069 1263 2111 Lucullus
1301 2069 1391 2111 and
1429 2069 1611 2111 entitled
1649 2069 1712 2123 by
1745 2069 1813 2110 his

325 2125 488 2175 name),
479 2123 599 2217 ‚dapd
629 2125 662 2164 it
690 2125 725 2164 is
745 2124 962 2164 therefore
982 2124 1057 2164 des
1062 2124 1241 2176 ignated
1269 2125 1534 2165 Academica
1560 2124 1724 2164 Priora
1751 2124 1813 2176 by

326 2191 449 2220 some
467 2191 489 2217 6
527 2192 537 2217 1
560 2190 643 2218 ors.

380 2228 396 2252 ²²
424 2228 517 2268 'lhe
541 2227 659 2268 elder
686 2227 899 2268 Lucullus
927 2227 1015 2267 had
1042 2226 1154 2267 been
1182 2226 1294 2266 tried
1322 2225 1411 2266 and
1438 2225 1579 2266 found
1603 2223 1751 2278 guilty
1770 2224 1821 2265 of

314 2282 593 2323 misconduct
626 2281 751 2322 when
784 2281 1103 2333 commanding
1135 2283 1179 2321 in
1212 2279 1287 2320 the
1318 2279 1458 2321 slave·
1441 2293 1551 2320 -war
1583 2281 1629 2320 in
1661 2277 1814 2331 Sicily,

318 2339 398 2376 103
421 2350 460 2376 Β.
465 2349 501 2376 6.
553 2336 635 2376 His
657 2349 760 2376 sons
783 2337 844 2386 (in
867 2335 1136 2376 accordance
1157 2334 1264 2374 with
1286 2334 1359 2374 the
1383 2334 1559 2374 Roman
1580 2334 1817 2374 sentiment

313 2390 364 2431 of
380 2389 486 2430 filial
510 2389 639 2441 duty)
662 2389 737 2430 did
760 2381 872 2430 their
892 2389 989 2429 best
1009 2393 1055 2429 to
1076 2389 1174 2428 ruin
1197 2388 1263 2429 his
1285 2391 1543 2439 prosecutor
1563 2385 1790 2428 Servilius.

381 2443 652 2495 Probably
674 2442 815 2491 Sulla,
834 2443 960 2483 when
981 2443 1257 2494 re-enacting
1277 2443 1351 2481 the
1372 2440 1446 2482 old
1470 2442 1538 2483 lex
1555 2441 1735 2482 annalis
1753 2440 1816 2493 by

315 2495 382 2537 his
405 2497 472 2538 lex
493 2498 545 2538 de
566 2498 914 2549 πωρὶεεναέὶὺαε,
934 2496 1124 2538 inserted
1145 2509 1172 2535 a
1187 2495 1337 2536 clause
1353 2497 1609 2548 exempting
1628 2495 1698 2537 his
1716 2508 1815 2536 own

312 2551 485 2593 officers
504 2564 553 2593 as
576 2565 604 2592 a
624 2551 789 2604 special
808 2550 1038 2604 privilege,
1061 2554 1107 2592 to
1130 2550 1300 2591 reward
1325 2549 1440 2591 their
1459 2551 1661 2592 services.

313 2613 412 2661 464
