<?xml version="1.0" encoding="UTF-8"?>
<!DOCTYPE html PUBLIC "-//W3C//DTD XHTML 1.0 Transitional//EN"
    "http://www.w3.org/TR/xhtml1/DTD/xhtml1-transitional.dtd">
<html xmlns="http://www.w3.org/1999/xhtml" xml:lang="en" lang="en">
 <head>
  <title>
</title>
<meta http-equiv="Content-Type" content="text/html;charset=utf-8" />
  <meta name='ocr-system' content='tesseract 3.04.00' />
  <meta name='ocr-capabilities' content='ocr_page ocr_carea ocr_par ocr_line ocrx_word'/>
</head>
<body>
  <div class='ocr_page' id='page_1' title='image "./denaturadeorumac00ciceuoft_0568.png"; bbox 0 0 1919 3006; ppageno 0'>
   <div class='ocr_carea' id='block_1_1' title="bbox 968 157 1221 207">
    <p class='ocr_par' dir='ltr' id='par_1_1' title="bbox 968 157 1221 207">
     <span class='ocr_line' id='line_1_1' title="bbox 968 157 1221 207; baseline 0.004 -1"><span class='ocrx_word' id='word_1_1' title='bbox 968 157 1221 207; x_wconf 89' lang='lat' dir='ltr'>CICERO</span> 
     </span>
    </p>
   </div>
   <div class='ocr_carea' id='block_1_2' title="bbox 457 286 1838 393">
    <p class='ocr_par' dir='ltr' id='par_1_2' title="bbox 457 286 1838 393">
     <span class='ocr_line' id='line_1_2' title="bbox 457 286 1838 339; baseline 0.001 -10"><span class='ocrx_word' id='word_1_2' title='bbox 457 286 546 329; x_wconf 87' lang='lat' dir='ltr'>Sed</span> <span class='ocrx_word' id='word_1_3' title='bbox 594 287 703 327; x_wconf 86' lang='lat' dir='ltr'>mihi</span> <span class='ocrx_word' id='word_1_4' title='bbox 749 300 805 328; x_wconf 91' lang='lat' dir='ltr'>ne</span> <span class='ocrx_word' id='word_1_5' title='bbox 851 288 1056 339; x_wconf 84' lang='lat' dir='ltr'>utiquam</span> <span class='ocrx_word' id='word_1_6' title='bbox 1103 299 1178 327; x_wconf 88' lang='lat' dir='ltr'>cor</span> <span class='ocrx_word' id='word_1_7' title='bbox 1213 288 1433 328; x_wconf 80' lang='lat' dir='ltr'>consentit</span> <span class='ocrx_word' id='word_1_8' title='bbox 1473 301 1576 329; x_wconf 91' lang='lat' dir='ltr'>cum</span> <span class='ocrx_word' id='word_1_9' title='bbox 1612 287 1838 330; x_wconf 88' lang='lat' dir='ltr'>oculorum</span> 
     </span>
     <span class='ocr_line' id='line_1_3' title="bbox 517 346 714 393; baseline 0.005 -12"><span class='ocrx_word' id='word_1_10' title='bbox 517 346 714 393; x_wconf 80' lang='lat' dir='ltr'>aspectu.</span> 
     </span>
    </p>
   </div>
   <div class='ocr_carea' id='block_1_3' title="bbox 264 439 1844 2313">
    <p class='ocr_par' dir='ltr' id='par_1_3' title="bbox 264 439 1844 1963">
     <span class='ocr_line' id='line_1_4' title="bbox 264 439 1840 503; baseline -0.001 -14"><span class='ocrx_word' id='word_1_11' title='bbox 264 449 317 489; x_wconf 82' lang='lat'>53</span> <span class='ocrx_word' id='word_1_12' title='bbox 346 441 416 487; x_wconf 90' lang='lat' dir='ltr'>At</span> <span class='ocrx_word' id='word_1_13' title='bbox 453 443 589 487; x_wconf 88' lang='lat' dir='ltr'>enim</span> <span class='ocrx_word' id='word_1_14' title='bbox 627 443 734 502; x_wconf 92' lang='lat' dir='ltr'>ipse</span> <span class='ocrx_word' id='word_1_15' title='bbox 773 442 973 503; x_wconf 88' lang='lat' dir='ltr'>sapiens</span> <span class='ocrx_word' id='word_1_16' title='bbox 1011 442 1229 487; x_wconf 90' lang='lat' dir='ltr'>sustinet</span> <span class='ocrx_word' id='word_1_17' title='bbox 1266 455 1320 487; x_wconf 93' lang='lat' dir='ltr'>se</span> <span class='ocrx_word' id='word_1_18' title='bbox 1357 443 1409 486; x_wconf 90' lang='lat' dir='ltr'>in</span> <span class='ocrx_word' id='word_1_19' title='bbox 1445 439 1614 488; x_wconf 87' lang='lat' dir='ltr'>furore</span> <span class='ocrx_word' id='word_1_20' title='bbox 1650 456 1716 488; x_wconf 89' lang='lat' dir='ltr'>ne</span> <span class='ocrx_word' id='word_1_21' title='bbox 1754 441 1840 488; x_wconf 86' lang='lat' dir='ltr'>ad-</span> 
     </span>
     <span class='ocr_line' id='line_1_5' title="bbox 344 530 1840 595; baseline 0.001 -18"><span class='ocrx_word' id='word_1_22' title='bbox 344 532 527 594; x_wconf 80' lang='lat' dir='ltr'><strong>probet</strong></span> <span class='ocrx_word' id='word_1_23' title='bbox 565 530 691 578; x_wconf 87' lang='lat' dir='ltr'>falsa</span> <span class='ocrx_word' id='word_1_24' title='bbox 729 547 819 593; x_wconf 93' lang='lat' dir='ltr'>pro</span> <span class='ocrx_word' id='word_1_25' title='bbox 859 533 1002 578; x_wconf 89' lang='lat' dir='ltr'>veris.</span> <span class='ocrx_word' id='word_1_26' title='bbox 1076 531 1145 577; x_wconf 90' lang='lat' dir='ltr'>Et</span> <span class='ocrx_word' id='word_1_27' title='bbox 1185 530 1304 578; x_wconf 89' lang='lat' dir='ltr'>alias</span> <span class='ocrx_word' id='word_1_28' title='bbox 1345 531 1551 594; x_wconf 89' lang='lat' dir='ltr'>quidem</span> <span class='ocrx_word' id='word_1_29' title='bbox 1590 548 1761 595; x_wconf 86' lang='lat' dir='ltr'>saepe,</span> <span class='ocrx_word' id='word_1_30' title='bbox 1799 535 1840 579; x_wconf 91' lang='lat' dir='ltr'>si</span> 
     </span>
     <span class='ocr_line' id='line_1_6' title="bbox 345 621 1843 686; baseline 0.001 -18"><span class='ocrx_word' id='word_1_31' title='bbox 345 629 435 669; x_wconf 89' lang='lat' dir='ltr'>aut</span> <span class='ocrx_word' id='word_1_32' title='bbox 466 625 518 668; x_wconf 94' lang='lat' dir='ltr'>in</span> <span class='ocrx_word' id='word_1_33' title='bbox 550 623 778 669; x_wconf 81' lang='lat' dir='ltr'>sensibus</span> <span class='ocrx_word' id='word_1_34' title='bbox 810 625 985 685; x_wconf 85' lang='lat' dir='ltr'>ipsiusl</span> <span class='ocrx_word' id='word_1_35' title='bbox 1023 629 1102 669; x_wconf 89' lang='lat' dir='ltr'>est</span> <span class='ocrx_word' id='word_1_36' title='bbox 1136 621 1303 685; x_wconf 87' lang='lat' dir='ltr'>aliqua</span> <span class='ocrx_word' id='word_1_37' title='bbox 1334 621 1467 669; x_wconf 88' lang='lat' dir='ltr'>forte</span> <span class='ocrx_word' id='word_1_38' title='bbox 1499 625 1722 686; x_wconf 85' lang='lat' dir='ltr'>gravitas</span> <span class='ocrx_word' id='word_1_39' title='bbox 1754 629 1843 670; x_wconf 85' lang='lat' dir='ltr'>aut</span> 
     </span>
     <span class='ocr_line' id='line_1_7' title="bbox 344 713 1843 776; baseline 0.001 -17"><span class='ocrx_word' id='word_1_40' title='bbox 344 713 576 769; x_wconf 79' lang='lat' dir='ltr'>tarditas,</span> <span class='ocrx_word' id='word_1_41' title='bbox 616 721 705 760; x_wconf 90' lang='lat' dir='ltr'>aut</span> <span class='ocrx_word' id='word_1_42' title='bbox 743 714 1030 760; x_wconf 84' lang='lat' dir='ltr'>obscuriora</span> <span class='ocrx_word' id='word_1_43' title='bbox 1067 719 1186 760; x_wconf 91' lang='lat' dir='ltr'>sunt</span> <span class='ocrx_word' id='word_1_44' title='bbox 1224 729 1355 776; x_wconf 88' lang='lat' dir='ltr'>quae</span> <span class='ocrx_word' id='word_1_45' title='bbox 1393 713 1648 770; x_wconf 87' lang='lat' dir='ltr'>videntur,</span> <span class='ocrx_word' id='word_1_46' title='bbox 1687 720 1776 761; x_wconf 87' lang='lat' dir='ltr'>aut</span> <span class='ocrx_word' id='word_1_47' title='bbox 1814 730 1843 760; x_wconf 84' lang='lat' dir='ltr'>a</span> 
     </span>
     <span class='ocr_line' id='line_1_8' title="bbox 343 803 1844 869; baseline 0 -17"><span class='ocrx_word' id='word_1_48' title='bbox 343 804 693 869; x_wconf 88' lang='lat' dir='ltr'>perspiciendo</span> <span class='ocrx_word' id='word_1_49' title='bbox 725 807 968 867; x_wconf 90' lang='lat' dir='ltr'>temporis</span> <span class='ocrx_word' id='word_1_50' title='bbox 1000 805 1254 851; x_wconf 88' lang='lat' dir='ltr'>brevitate</span> <span class='ocrx_word' id='word_1_51' title='bbox 1288 803 1587 852; x_wconf 79' lang='lat' dir='ltr'>excluditur.</span> <span class='ocrx_word' id='word_1_52' title='bbox 1654 804 1844 864; x_wconf 80' lang='lat' dir='ltr'>Quam-</span> 
     </span>
     <span class='ocr_line' id='line_1_9' title="bbox 345 894 1843 959; baseline 0.001 -17"><span class='ocrx_word' id='word_1_53' title='bbox 345 912 498 959; x_wconf 89' lang='lat' dir='ltr'>quam</span> <span class='ocrx_word' id='word_1_54' title='bbox 549 903 718 943; x_wconf 88' lang='lat' dir='ltr'>totum</span> <span class='ocrx_word' id='word_1_55' title='bbox 769 894 880 952; x_wconf 90' lang='lat' dir='ltr'>hoc,</span> <span class='ocrx_word' id='word_1_56' title='bbox 933 898 1219 958; x_wconf 82' lang='lat' dir='ltr'>sapientem</span> <span class='ocrx_word' id='word_1_57' title='bbox 1271 894 1541 959; x_wconf 88' lang='lat' dir='ltr'>aliquando</span> <span class='ocrx_word' id='word_1_58' title='bbox 1593 899 1843 944; x_wconf 89' lang='lat' dir='ltr'>sustinere</span> 
     </span>
     <span class='ocr_line' id='line_1_10' title="bbox 344 986 1843 1044; baseline 0.001 -11"><span class='ocrx_word' id='word_1_59' title='bbox 344 987 713 1044; x_wconf 87' lang='lat' dir='ltr'>adsensionem,</span> <span class='ocrx_word' id='word_1_60' title='bbox 739 994 916 1034; x_wconf 88' lang='lat' dir='ltr'>contra</span> <span class='ocrx_word' id='word_1_61' title='bbox 939 1004 1025 1034; x_wconf 92' lang='lat' dir='ltr'>vos</span> <span class='ocrx_word' id='word_1_62' title='bbox 1052 994 1131 1034; x_wconf 88' lang='lat' dir='ltr'>est</span> <span class='ocrx_word' id='word_1_63' title='bbox 1153 1002 1166 1043; x_wconf 77' lang='lat'><em>3</em></span> <span class='ocrx_word' id='word_1_64' title='bbox 1208 989 1249 1034; x_wconf 91' lang='lat' dir='ltr'>si</span> <span class='ocrx_word' id='word_1_65' title='bbox 1275 989 1410 1034; x_wconf 91' lang='lat' dir='ltr'>enim</span> <span class='ocrx_word' id='word_1_66' title='bbox 1433 989 1568 1034; x_wconf 92' lang='lat' dir='ltr'>inter</span> <span class='ocrx_word' id='word_1_67' title='bbox 1591 989 1698 1035; x_wconf 89' lang='lat' dir='ltr'>visa</span> <span class='ocrx_word' id='word_1_68' title='bbox 1719 986 1843 1034; x_wconf 81' lang='lat' dir='ltr'>nihil</span> 
     </span>
     <span class='ocr_line' id='line_1_11' title="bbox 343 1080 1840 1143; baseline 0.001 -18"><span class='ocrx_word' id='word_1_69' title='bbox 343 1080 633 1135; x_wconf 87' lang='lat' dir='ltr'>interesset,</span> <span class='ocrx_word' id='word_1_70' title='bbox 686 1084 776 1125; x_wconf 88' lang='lat' dir='ltr'>aut</span> <span class='ocrx_word' id='word_1_71' title='bbox 827 1094 1028 1141; x_wconf 90' lang='lat' dir='ltr'>semper</span> <span class='ocrx_word' id='word_1_72' title='bbox 1079 1081 1355 1125; x_wconf 89' lang='lat' dir='ltr'>sustineret</span> <span class='ocrx_word' id='word_1_73' title='bbox 1406 1084 1496 1125; x_wconf 88' lang='lat' dir='ltr'>aut</span> <span class='ocrx_word' id='word_1_74' title='bbox 1545 1094 1840 1143; x_wconf 88' lang='lat' dir='ltr'>numquam.</span> 
     </span>
     <span class='ocr_line' id='line_1_12' title="bbox 342 1168 1842 1234; baseline 0.001 -17"><span class='ocrx_word' id='word_1_75' title='bbox 342 1168 444 1217; x_wconf 90' lang='lat' dir='ltr'>Sed</span> <span class='ocrx_word' id='word_1_76' title='bbox 461 1186 524 1216; x_wconf 91' lang='lat' dir='ltr'>ex</span> <span class='ocrx_word' id='word_1_77' title='bbox 541 1168 635 1217; x_wconf 91' lang='lat' dir='ltr'>hoc</span> <span class='ocrx_word' id='word_1_78' title='bbox 651 1185 841 1234; x_wconf 86' lang='lat' dir='ltr'>genere</span> <span class='ocrx_word' id='word_1_79' title='bbox 858 1176 969 1217; x_wconf 91' lang='lat' dir='ltr'>toto</span> <span class='ocrx_word' id='word_1_80' title='bbox 985 1172 1201 1233; x_wconf 86' lang='lat' dir='ltr'>perspici</span> <span class='ocrx_word' id='word_1_81' title='bbox 1217 1176 1391 1232; x_wconf 92' lang='lat' dir='ltr'>potest</span> <span class='ocrx_word' id='word_1_82' title='bbox 1405 1168 1585 1217; x_wconf 88' lang='lat' dir='ltr'>levitas</span> <span class='ocrx_word' id='word_1_83' title='bbox 1602 1172 1842 1218; x_wconf 89' lang='lat' dir='ltr'>orationis</span> 
     </span>
     <span class='ocr_line' id='line_1_13' title="bbox 343 1259 1842 1324; baseline 0.001 -16"><span class='ocrx_word' id='word_1_84' title='bbox 343 1278 535 1318; x_wconf 90' lang='lat' dir='ltr'>eorum,</span> <span class='ocrx_word' id='word_1_85' title='bbox 572 1264 657 1324; x_wconf 91' lang='lat' dir='ltr'>qui</span> <span class='ocrx_word' id='word_1_86' title='bbox 692 1263 862 1308; x_wconf 87' lang='lat' dir='ltr'>omnia</span> <span class='ocrx_word' id='word_1_87' title='bbox 896 1264 1108 1324; x_wconf 90' lang='lat' dir='ltr'>cupiunt</span> <span class='ocrx_word' id='word_1_88' title='bbox 1142 1259 1469 1308; x_wconf 90' lang='lat' dir='ltr'>confundere.</span> <span class='ocrx_word' id='word_1_89' title='bbox 1539 1260 1842 1320; x_wconf 84' lang='lat' dir='ltr'>Quaerimus</span> 
     </span>
     <span class='ocr_line' id='line_1_14' title="bbox 342 1352 1842 1416; baseline 0 -17"><span class='ocrx_word' id='word_1_90' title='bbox 342 1355 624 1416; x_wconf 76' lang='lat' dir='ltr'>gravitatis,</span> <span class='ocrx_word' id='word_1_91' title='bbox 644 1355 978 1408; x_wconf 87' lang='lat' dir='ltr'>constantiae,</span> <span class='ocrx_word' id='word_1_92' title='bbox 997 1352 1267 1408; x_wconf 88' lang='lat' dir='ltr'>firmitatis,</span> <span class='ocrx_word' id='word_1_93' title='bbox 1287 1355 1568 1415; x_wconf 89' lang='lat' dir='ltr'>sapientiae</span> <span class='ocrx_word' id='word_1_94' title='bbox 1584 1352 1842 1410; x_wconf 89' lang='lat' dir='ltr'>iudicium,</span> 
     </span>
     <span class='ocr_line' id='line_1_15' title="bbox 343 1442 1842 1506; baseline 0.001 -17"><span class='ocrx_word' id='word_1_95' title='bbox 343 1446 533 1490; x_wconf 91' lang='lat' dir='ltr'>utimur</span> <span class='ocrx_word' id='word_1_96' title='bbox 585 1443 830 1506; x_wconf 87' lang='lat' dir='ltr'>exemplis</span> <span class='ocrx_word' id='word_1_97' title='bbox 882 1446 1259 1499; x_wconf 89' lang='lat' dir='ltr'>somniantium,</span> <span class='ocrx_word' id='word_1_98' title='bbox 1311 1442 1628 1500; x_wconf 89' lang='lat' dir='ltr'>furiosorum,</span> <span class='ocrx_word' id='word_1_99' title='bbox 1681 1445 1842 1491; x_wconf 90' lang='lat' dir='ltr'>ebrio-</span> 
     </span>
     <span class='ocr_line' id='line_1_16' title="bbox 343 1534 1841 1599; baseline 0.001 -18"><span class='ocrx_word' id='word_1_100' title='bbox 343 1551 526 1582; x_wconf 88' lang='lat' dir='ltr'>sorum.</span> <span class='ocrx_word' id='word_1_101' title='bbox 593 1534 726 1582; x_wconf 92' lang='lat' dir='ltr'>Illud</span> <span class='ocrx_word' id='word_1_102' title='bbox 756 1535 1068 1582; x_wconf 86' lang='lat' dir='ltr'>attendimus</span> <span class='ocrx_word' id='word_1_103' title='bbox 1098 1538 1150 1580; x_wconf 91' lang='lat' dir='ltr'>in</span> <span class='ocrx_word' id='word_1_104' title='bbox 1179 1534 1273 1582; x_wconf 90' lang='lat' dir='ltr'>hoe</span> <span class='ocrx_word' id='word_1_105' title='bbox 1303 1537 1439 1582; x_wconf 89' lang='lat' dir='ltr'>omni</span> <span class='ocrx_word' id='word_1_106' title='bbox 1467 1551 1658 1598; x_wconf 88' lang='lat' dir='ltr'>genere</span> <span class='ocrx_word' id='word_1_107' title='bbox 1688 1552 1841 1599; x_wconf 86' lang='lat' dir='ltr'>quam</span> 
     </span>
     <span class='ocr_line' id='line_1_17' title="bbox 343 1625 1841 1689; baseline 0.001 -17"><span class='ocrx_word' id='word_1_108' title='bbox 343 1629 690 1673; x_wconf 85' lang='lat' dir='ltr'>inconstanter</span> <span class='ocrx_word' id='word_1_109' title='bbox 714 1626 980 1689; x_wconf 89' lang='lat' dir='ltr'>loquamur</span> <span class='ocrx_word' id='word_1_110' title='bbox 998 1627 1016 1673; x_wconf 86' lang='lat'>?</span> <span class='ocrx_word' id='word_1_111' title='bbox 1074 1626 1188 1673; x_wconf 92' lang='lat' dir='ltr'>Non</span> <span class='ocrx_word' id='word_1_112' title='bbox 1209 1629 1342 1673; x_wconf 92' lang='lat' dir='ltr'>enim</span> <span class='ocrx_word' id='word_1_113' title='bbox 1367 1625 1706 1688; x_wconf 88' lang='lat' dir='ltr'>proferremus</span> <span class='ocrx_word' id='word_1_114' title='bbox 1726 1629 1841 1674; x_wconf 92' lang='lat' dir='ltr'>vino</span> 
     </span>
     <span class='ocr_line' id='line_1_18' title="bbox 343 1718 1840 1780; baseline 0.001 -16"><span class='ocrx_word' id='word_1_115' title='bbox 343 1725 434 1765; x_wconf 90' lang='lat' dir='ltr'>aut</span> <span class='ocrx_word' id='word_1_116' title='bbox 466 1735 640 1764; x_wconf 90' lang='lat' dir='ltr'>somno</span> <span class='ocrx_word' id='word_1_117' title='bbox 667 1734 930 1780; x_wconf 89' lang='lat' dir='ltr'>oppressos</span> <span class='ocrx_word' id='word_1_118' title='bbox 956 1724 1046 1764; x_wconf 90' lang='lat' dir='ltr'>aut</span> <span class='ocrx_word' id='word_1_119' title='bbox 1073 1724 1248 1764; x_wconf 91' lang='lat' dir='ltr'>mente</span> <span class='ocrx_word' id='word_1_120' title='bbox 1274 1724 1449 1779; x_wconf 89' lang='lat' dir='ltr'>captos</span> <span class='ocrx_word' id='word_1_121' title='bbox 1481 1723 1590 1764; x_wconf 89' lang='lat' dir='ltr'>tam</span> <span class='ocrx_word' id='word_1_122' title='bbox 1623 1718 1840 1765; x_wconf 86' lang='lat' dir='ltr'>absurde</span> 
     </span>
     <span class='ocr_line' id='line_1_19' title="bbox 342 1808 1840 1872; baseline 0.002 -17"><span class='ocrx_word' id='word_1_123' title='bbox 342 1816 401 1855; x_wconf 90' lang='lat' dir='ltr'>ut</span> <span class='ocrx_word' id='word_1_124' title='bbox 429 1816 541 1856; x_wconf 90' lang='lat' dir='ltr'>tum</span> <span class='ocrx_word' id='word_1_125' title='bbox 571 1809 851 1856; x_wconf 85' lang='lat' dir='ltr'>diceremus</span> <span class='ocrx_word' id='word_1_126' title='bbox 874 1812 1121 1856; x_wconf 89' lang='lat' dir='ltr'>interesse</span> <span class='ocrx_word' id='word_1_127' title='bbox 1143 1811 1277 1855; x_wconf 87' lang='lat' dir='ltr'>inter</span> <span class='ocrx_word' id='word_1_128' title='bbox 1306 1808 1624 1872; x_wconf 85' lang='lat' dir='ltr'>vigilantium</span> <span class='ocrx_word' id='word_1_129' title='bbox 1652 1812 1758 1856; x_wconf 89' lang='lat' dir='ltr'>visa</span> <span class='ocrx_word' id='word_1_130' title='bbox 1785 1818 1840 1858; x_wconf 92' lang='lat' dir='ltr'>et</span> 
     </span>
     <span class='ocr_line' id='line_1_20' title="bbox 345 1898 1839 1963; baseline 0.001 -16"><span class='ocrx_word' id='word_1_131' title='bbox 345 1901 622 1947; x_wconf 89' lang='lat' dir='ltr'>sobriorum</span> <span class='ocrx_word' id='word_1_132' title='bbox 649 1908 703 1947; x_wconf 89' lang='lat' dir='ltr'>et</span> <span class='ocrx_word' id='word_1_133' title='bbox 727 1917 963 1948; x_wconf 89' lang='lat' dir='ltr'>sanorum</span> <span class='ocrx_word' id='word_1_134' title='bbox 989 1907 1042 1947; x_wconf 92' lang='lat' dir='ltr'>et</span> <span class='ocrx_word' id='word_1_135' title='bbox 1068 1916 1242 1947; x_wconf 90' lang='lat' dir='ltr'>eorum</span> <span class='ocrx_word' id='word_1_136' title='bbox 1272 1903 1357 1963; x_wconf 91' lang='lat' dir='ltr'>qui</span> <span class='ocrx_word' id='word_1_137' title='bbox 1387 1906 1559 1947; x_wconf 89' lang='lat' dir='ltr'>essent</span> <span class='ocrx_word' id='word_1_138' title='bbox 1582 1898 1729 1947; x_wconf 88' lang='lat' dir='ltr'>aliter</span> <span class='ocrx_word' id='word_1_139' title='bbox 1753 1901 1839 1948; x_wconf 90' lang='lat' dir='ltr'>ad-</span> 
     </span>
    </p>

    <p class='ocr_par' dir='ltr' id='par_1_4' title="bbox 265 1990 1837 2313">
     <span class='ocr_line' id='line_1_21' title="bbox 265 1990 1837 2054; baseline 0 -14"><span class='ocrx_word' id='word_1_140' title='bbox 265 2003 319 2040; x_wconf 83' lang='lat'>54</span> <span class='ocrx_word' id='word_1_141' title='bbox 341 1991 479 2047; x_wconf 82' lang='lat' dir='ltr'>fecti,</span> <span class='ocrx_word' id='word_1_142' title='bbox 513 1998 624 2038; x_wconf 91' lang='lat' dir='ltr'>tum</span> <span class='ocrx_word' id='word_1_143' title='bbox 659 1990 781 2038; x_wconf 91' lang='lat' dir='ltr'>nihil</span> <span class='ocrx_word' id='word_1_144' title='bbox 813 1995 1075 2039; x_wconf 90' lang='lat' dir='ltr'>interesse.</span> <span class='ocrx_word' id='word_1_145' title='bbox 1144 1990 1222 2038; x_wconf 94' lang='lat' dir='ltr'>Ne</span> <span class='ocrx_word' id='word_1_146' title='bbox 1255 1990 1350 2038; x_wconf 92' lang='lat' dir='ltr'>hoc</span> <span class='ocrx_word' id='word_1_147' title='bbox 1375 1990 1581 2054; x_wconf 88' lang='lat' dir='ltr'>quidem</span> <span class='ocrx_word' id='word_1_148' title='bbox 1606 1999 1837 2049; x_wconf 90' lang='lat' dir='ltr'>cernunt,</span> 
     </span>
     <span class='ocr_line' id='line_1_22' title="bbox 341 2081 1836 2146; baseline 0.001 -16"><span class='ocrx_word' id='word_1_149' title='bbox 341 2086 510 2130; x_wconf 88' lang='lat' dir='ltr'>omnia</span> <span class='ocrx_word' id='word_1_150' title='bbox 545 2099 598 2130; x_wconf 92' lang='lat' dir='ltr'>se</span> <span class='ocrx_word' id='word_1_151' title='bbox 630 2084 845 2130; x_wconf 89' lang='lat' dir='ltr'>reddere</span> <span class='ocrx_word' id='word_1_152' title='bbox 881 2087 1091 2139; x_wconf 90' lang='lat' dir='ltr'>incerta,</span> <span class='ocrx_word' id='word_1_153' title='bbox 1126 2083 1262 2146; x_wconf 94' lang='lat' dir='ltr'>quod</span> <span class='ocrx_word' id='word_1_154' title='bbox 1297 2081 1476 2129; x_wconf 89' lang='lat' dir='ltr'>nolunt</span> <span class='ocrx_word' id='word_1_155' title='bbox 1505 2082 1588 2146; x_wconf 89' lang='lat' dir='ltr'>(ea</span> <span class='ocrx_word' id='word_1_156' title='bbox 1619 2082 1730 2130; x_wconf 90' lang='lat' dir='ltr'>dico</span> <span class='ocrx_word' id='word_1_157' title='bbox 1761 2086 1836 2131; x_wconf 89' lang='lat' dir='ltr'>in-</span> 
     </span>
     <span class='ocr_line' id='line_1_23' title="bbox 341 2171 1835 2238; baseline 0.001 -18"><span class='ocrx_word' id='word_1_158' title='bbox 341 2182 481 2221; x_wconf 85' lang='lat' dir='ltr'>eerta</span> <span class='ocrx_word' id='word_1_159' title='bbox 502 2191 632 2237; x_wconf 89' lang='lat' dir='ltr'>quae</span> <span class='ocrx_word' id='word_1_160' title='bbox 659 2175 813 2236; x_wconf 82' lang='grc' dir='ltr'>ἄδηλα</span> <span class='ocrx_word' id='word_1_161' title='bbox 839 2174 1039 2238; x_wconf 87' lang='lat' dir='ltr'>Graeci)</span> <span class='ocrx_word' id='word_1_162' title='bbox 1059 2174 1078 2221; x_wconf 91' lang='lat'>?</span> <span class='ocrx_word' id='word_1_163' title='bbox 1112 2177 1152 2221; x_wconf 89' lang='lat' dir='ltr'>si</span> <span class='ocrx_word' id='word_1_164' title='bbox 1178 2177 1312 2221; x_wconf 92' lang='lat' dir='ltr'>enim</span> <span class='ocrx_word' id='word_1_165' title='bbox 1335 2189 1415 2221; x_wconf 92' lang='lat' dir='ltr'>res</span> <span class='ocrx_word' id='word_1_166' title='bbox 1440 2189 1495 2221; x_wconf 91' lang='lat' dir='ltr'>se</span> <span class='ocrx_word' id='word_1_167' title='bbox 1518 2176 1592 2221; x_wconf 88' lang='lat' dir='ltr'>ita</span> <span class='ocrx_word' id='word_1_168' title='bbox 1609 2171 1835 2224; x_wconf 86' lang='lat' dir='ltr'>habeant</span> 
     </span>
     <span class='ocr_line' id='line_1_24' title="bbox 341 2265 1834 2313; baseline 0.001 -1"><span class='ocrx_word' id='word_1_169' title='bbox 341 2273 399 2312; x_wconf 92' lang='lat' dir='ltr'>ut</span> <span class='ocrx_word' id='word_1_170' title='bbox 436 2265 556 2311; x_wconf 88' lang='lat' dir='ltr'>nihil</span> <span class='ocrx_word' id='word_1_171' title='bbox 593 2269 793 2313; x_wconf 75' lang='lat' dir='ltr'>intersit</span> <span class='ocrx_word' id='word_1_172' title='bbox 828 2273 999 2313; x_wconf 90' lang='lat' dir='ltr'>utrum</span> <span class='ocrx_word' id='word_1_173' title='bbox 1027 2269 1101 2313; x_wconf 88' lang='lat' dir='ltr'>ita</span> <span class='ocrx_word' id='word_1_174' title='bbox 1135 2267 1215 2312; x_wconf 91' lang='lat' dir='ltr'>cui</span> <span class='ocrx_word' id='word_1_175' title='bbox 1249 2265 1533 2312; x_wconf 86' lang='lat' dir='ltr'>videantur²</span> <span class='ocrx_word' id='word_1_176' title='bbox 1569 2271 1628 2312; x_wconf 91' lang='lat' dir='ltr'>ut</span> <span class='ocrx_word' id='word_1_177' title='bbox 1658 2268 1834 2313; x_wconf 91' lang='lat' dir='ltr'>insano</span> 
     </span>
    </p>
   </div>
   <div class='ocr_carea' id='block_1_4' title="bbox 341 2355 1834 2420">
    <p class='ocr_par' dir='ltr' id='par_1_5' title="bbox 341 2355 1834 2420">
     <span class='ocr_line' id='line_1_25' title="bbox 341 2355 1834 2420; baseline 0.003 -18"><span class='ocrx_word' id='word_1_178' title='bbox 341 2371 407 2402; x_wconf 87' lang='lat' dir='ltr'>an</span> <span class='ocrx_word' id='word_1_179' title='bbox 431 2372 570 2412; x_wconf 88' lang='lat' dir='ltr'>sano,</span> <span class='ocrx_word' id='word_1_180' title='bbox 596 2359 674 2403; x_wconf 88' lang='lat' dir='ltr'>cui</span> <span class='ocrx_word' id='word_1_181' title='bbox 702 2360 861 2420; x_wconf 91' lang='lat' dir='ltr'>possit</span> <span class='ocrx_word' id='word_1_182' title='bbox 894 2356 1212 2420; x_wconf 85' lang='lat' dir='ltr'>exploratum</span> <span class='ocrx_word' id='word_1_183' title='bbox 1239 2372 1348 2403; x_wconf 91' lang='lat' dir='ltr'>esse</span> <span class='ocrx_word' id='word_1_184' title='bbox 1373 2355 1437 2402; x_wconf 92' lang='lat' dir='ltr'>de</span> <span class='ocrx_word' id='word_1_185' title='bbox 1462 2371 1552 2402; x_wconf 86' lang='lat' dir='ltr'>sua</span> <span class='ocrx_word' id='word_1_186' title='bbox 1576 2358 1834 2407; x_wconf 83' lang='lat' dir='ltr'>sanitate?</span> 
     </span>
    </p>
   </div>
   <div class='ocr_carea' id='block_1_5' title="bbox 348 2504 1777 2617">
    <p class='ocr_par' dir='ltr' id='par_1_6' title="bbox 348 2504 1777 2617">
     <span class='ocr_line' id='line_1_26' title="bbox 468 2504 1777 2559; baseline -0.002 -12"><span class='ocrx_word' id='word_1_187' title='bbox 468 2507 479 2530; x_wconf 83' lang='lat'>¹</span> <span class='ocrx_word' id='word_1_188' title='bbox 515 2508 618 2559; x_wconf 83' lang='lat' dir='ltr'>ipsis</span> <span class='ocrx_word' id='word_1_189' title='bbox 638 2509 658 2547; x_wconf 71' lang='grc'>,9</span> <span class='ocrx_word' id='word_1_190' title='bbox 672 2506 802 2547; x_wconf 67' lang='lat' dir='ltr'>Reid.</span> <span class='ocrx_word' id='word_1_191' title='bbox 1258 2506 1274 2530; x_wconf 81' lang='lat'>²</span> <span class='ocrx_word' id='word_1_192' title='bbox 1304 2506 1369 2546; x_wconf 83' lang='lat' dir='ltr'>ed.</span> <span class='ocrx_word' id='word_1_193' title='bbox 1391 2523 1400 2547; x_wconf 88' lang='lat'>:</span> <span class='ocrx_word' id='word_1_194' title='bbox 1433 2504 1634 2547; x_wconf 83' lang='lat' dir='ltr'>videatur</span> <span class='ocrx_word' id='word_1_195' title='bbox 1652 2505 1777 2546; x_wconf 82' lang='lat' dir='ltr'>codd.</span> 
     </span>
     <span class='ocr_line' id='line_1_27' title="bbox 348 2574 441 2617; baseline -0.022 0"><span class='ocrx_word' id='word_1_196' title='bbox 348 2574 441 2617; x_wconf 72' lang='lat'>534</span> 
     </span>
    </p>
   </div>
  </div>
 </body>
</html>
