1853 3001
858 226 1110 275 CICERO

236 356 484 404 mundum
507 359 674 419 ipsum
700 359 868 403 animo
894 363 949 404 et
972 357 1202 404 sensibus
1226 357 1535 420 praeditum,
1557 363 1732 405 rotun·
1768 412 1770 414 v

236 428 359 475 dum
381 428 649 475 ardentem
669 426 942 474 volubilem
963 427 1136 483 deum,
1155 434 1398 491 portenta
1419 435 1473 475 et
1493 427 1734 475 miracula

237 516 338 546 non
377 500 736 546 disserentium
773 497 1187 561 philosophorum
1225 499 1318 546 sed
1355 502 1733 546 somniantium.

161 580 210 620 19
236 570 431 629 Quibus
456 573 592 616 enim
615 568 769 616 oculis
793 573 967 616 animi1
990 572 1178 616 intueri
1201 573 1373 632 potuit
1395 577 1564 617 vester
1587 569 1734 616 Plato

236 641 481 688 fabricam
503 640 642 687 illam
664 643 798 687 tanti
823 644 1007 704 operis,
1031 657 1132 704 qua
1155 644 1378 688 construi
1402 657 1432 687 a
1455 642 1552 688 deo
1577 647 1734 704 atque

238 714 493 762 aedificari
521 714 769 760 mundum
799 711 962 760 facit?
1013 730 1144 777 quae
1175 712 1387 769 molitio,
1417 729 1549 777 quae
1579 711 1735 759 ferra-

237 793 431 842 menta,
458 788 544 849 qui
568 792 759 842 vectes,
785 801 916 849 quae
941 785 1225 841 machinae,
1250 788 1337 849 qui
1360 788 1577 832 ministri
1601 787 1732 831 tanti

238 862 460 907 muneris
487 857 696 905 fuerunt
718 859 737 904 ?
784 875 938 922 quem
966 859 1031 906 ad
1057 859 1265 905 modum
1293 865 1468 905 autem
1495 858 1734 904 oboedire

240 939 294 979 et
329 947 509 995 parere
546 930 798 977 voluntati
835 930 1100 978 architecti
1137 936 1226 977 aer
1262 934 1392 995 ignis
1430 947 1563 994 aqua
1598 937 1736 977 terra

239 1009 519 1067 potuerunt
540 1003 559 1049 ?
601 1003 737 1051 unde
760 1019 879 1049 vero
902 1009 1045 1049 ortae
1067 1002 1183 1049 illae
1207 1006 1431 1066 quinque
1453 1001 1646 1050 formae
1670 1017 1735 1048 ex

239 1077 422 1141 quibus
448 1075 644 1139 reliqua
670 1074 971 1131 formantur,
999 1083 1120 1138 apte
1147 1076 1390 1123 cadentes
1419 1076 1484 1123 ad
1511 1078 1735 1122 animum

238 1149 558 1197 afficiendum
592 1149 965 1211 pariendosque
1000 1149 1217 1195 sensus?
1281 1147 1516 1213 Longum
1557 1155 1636 1195 est
1671 1148 1736 1195 ad

239 1225 426 1278 omnia,
448 1237 580 1285 quae
602 1219 726 1267 talia
747 1227 866 1267 sunt
889 1227 947 1267 ut
968 1226 1149 1282 optata
1169 1222 1331 1283 magis
1353 1236 1507 1283 quam
1527 1223 1736 1266 inventa

162 1300 217 1340 20
240 1294 543 1349 videantur-3
593 1293 685 1340 sed
718 1292 803 1339 illa
838 1292 1120 1355 palmaria,²
1156 1292 1293 1356 quod
1328 1295 1414 1355 qui
1449 1309 1551 1339 non
1585 1293 1736 1340 modo

239 1373 419 1413 natum
445 1364 693 1411 mundum
719 1365 1062 1411 introduxerit
1087 1364 1179 1412 sed
1206 1367 1363 1411 etiam
1389 1381 1545 1412 manu
1570 1381 1736 1428 paene

239 1436 451 1493 factum,
495 1440 536 1483 is
584 1452 702 1483 eum
748 1438 936 1484 dixerit
980 1435 1088 1484 fore
1134 1441 1518 1499 sempiternum.
1586 1437 1737 1484 Hunc

238 1526 414 1558 censes
437 1512 609 1572 primis
634 1516 693 1556 ut
715 1509 900 1556 dicitur
920 1508 1073 1556 labris
1095 1516 1328 1573 gustasse
1350 1508 1738 1574 physiologiam,

238 1582 292 1630 id
323 1588 403 1629 est
432 1587 647 1627 naturae
678 1584 947 1637 rationem,
979 1583 1066 1644 qui
1097 1585 1369 1645 quicquam
1400 1582 1538 1645 quod
1567 1588 1735 1629 ortum

239 1656 306 1700 sit
350 1660 503 1717 putet
550 1660 818 1700 aeternum
865 1668 975 1700 esse
1022 1669 1169 1716 posse
1193 1654 1211 1700 ?
1280 1652 1426 1712 Quae
1473 1661 1553 1701 est
1599 1657 1735 1701 enim

238 1729 617 1790 coagmentatio
664 1742 766 1772 non
813 1725 1114 1772 dissolubilis
1137 1726 1156 1772 Ρ
1223 1732 1313 1773 aut
1360 1726 1483 1789 quid
1529 1733 1609 1774 est
1655 1729 1733 1774 cui

238 1801 539 1861 principium
561 1797 765 1861 aliquod
786 1801 868 1854 sit,
890 1797 1013 1844 nihil
1033 1802 1098 1845 sit
1120 1806 1408 1846 extremum
1431 1798 1449 1844 ?
1508 1797 1736 1846 Pronoea

239 1885 358 1930 vero
408 1872 449 1916 si
500 1877 669 1916 vestra
717 1876 813 1926 est,
862 1868 1039 1925 Lucili,
1087 1871 1306 1927 eadem,³
1351 1873 1552 1934 requiro
1604 1886 1736 1934 quae

239 1941 389 2004 paulo
418 1948 558 1996 ante,
585 1945 839 1988 ministros
867 1940 1125 1989 machinas
1153 1959 1357 1989 omnem
1384 1947 1542 1990 totius
1570 1946 1735 2006 operis

238 2013 657 2077 dissignationem
692 2020 848 2076 atque
884 2021 1222 2076 apparatum3
1275 2018 1351 2062 sin
1386 2014 1484 2061 alia
1518 2022 1614 2071 est,
1648 2032 1737 2062 cur

238 2083 507 2131 mortalem
549 2083 730 2132 fecerit
771 2086 1036 2142 mundum,
1079 2103 1180 2134 non
1223 2103 1377 2150 quem
1420 2087 1486 2135 ad
1526 2087 1734 2135 modum

163 2161 212 2200 21
239 2151 528 2199 Platonicus
557 2153 682 2199 deus
711 2157 1094 2215 sempiternum.
1165 2154 1254 2201 IX.
1291 2155 1374 2201 Ab
1402 2161 1620 2218 utroque
1649 2171 1736 2202 au-

702 2249 718 2274 ²
749 2251 886 2290 animi
906 2263 987 2290 om.
1010 2251 1075 2290 ed.
1110 2250 1280 2291 Veneta.

614 2303 630 2327 ²
661 2302 878 2355 palmaria
898 2303 1089 2344 Daviesz
1128 2304 1352 2355 palmaris.

639 2357 655 2381 ³
686 2356 856 2405 eadem,
878 2357 1079 2402 <eadem>
1100 2358 1334 2411 Heindorf.

301 2474 320 2493 ⁰
351 2469 384 2508 P
389 2468 577 2519 yramid,
591 2469 717 2516 cube,
732 2469 1016 2517 octohedron‚
1031 2469 1387 2518 dodecahedrom
1400 2471 1728 2519 eicosihedronz

245 2522 318 2562 the
350 2523 508 2574 shapes
539 2523 824 2575 respectively
858 2525 908 2564 of
935 2524 1008 2564 the
1039 2523 1244 2576 particles
1276 2525 1328 2564 of
1351 2523 1446 2572 fite,
1476 2525 1616 2573 earth,
1648 2527 1728 2574 air.

244 2576 409 2623 aether,
429 2580 578 2618 water.

247 2645 309 2688 22
