1853 3001
877 173 1130 222 CICERO

257 309 426 372 potuit
467 306 641 370 (quem
683 308 861 362 virum,
898 306 949 353 di
984 304 1347 369 immortales);
1402 311 1457 352 et
1503 310 1622 352 sunt
1663 303 1749 367 qui

259 395 446 453 putent
486 389 701 442 audisse,
753 390 861 449 ipse
903 404 1004 433 non
1042 386 1366 434 vult—credo
1397 386 1509 449 plus
1541 387 1746 432 nemini.

259 468 579 532 Pamphilum
621 468 877 532 quendam
919 466 1142 515 Platonis
1185 468 1469 515 auditorem
1511 470 1583 514 ait
1623 482 1654 512 a
1693 481 1748 513 se

259 551 394 598 Sami
432 550 663 597 auditum
701 549 789 613 (ibi
827 552 962 596 enim
1001 548 1293 596 adulescens
1330 547 1598 595 habitabat
1633 564 1748 594 cum

258 640 405 697 patre
436 639 491 678 et
519 630 776 686 fratribus,
808 631 944 693 quod
972 633 1025 676 in
1056 636 1189 677 eam1
1219 637 1367 693 pater
1398 633 1504 677 eius
1536 628 1749 676 Neocles

260 717 493 778 agripeta
533 719 761 768 venerat,
804 713 894 758 sed
935 729 1049 758 cum
1093 711 1284 775 agellus
1327 727 1445 758 eum
1485 728 1587 758 non
1628 713 1750 757 satis

181 803 234 844 73
259 795 436 851 aleret,
485 799 545 842 ut
592 796 768 856 opinor
815 792 921 840 ludi
968 796 1213 857 magister
1259 791 1413 856 fuit);
1480 793 1570 839 sed
1617 791 1751 838 hunc

257 876 574 924 Platonicum
600 875 806 920 mirifice
834 878 1115 921 contemnit
1141 874 1386 936 Epicurus
1411 890 1422 921 t
1465 877 1540 920 ita
1564 875 1752 920 metuit

258 975 323 1005 ne
350 958 473 1021 quid
498 973 740 1020 umquam
767 956 997 1002 didicisse
1023 956 1269 1002 videatur.
1340 955 1401 1001 In
1426 953 1752 1017 Nausiphane

260 1040 586 1088 Democriteo
628 1044 870 1092 tenetur3
931 1053 1084 1100 quem
1126 1053 1241 1083 cum
1283 1053 1314 1083 a
1354 1053 1408 1084 se
1449 1053 1551 1084 non
1593 1042 1752 1100 neget

260 1122 508 1176 auditum,
543 1126 697 1166 vexat
729 1126 905 1165 tamen
939 1119 1169 1165 omnibus
1204 1117 1556 1174 contumeliis;
1609 1118 1753 1181 atqui

259 1206 300 1251 si
343 1202 469 1248 haec
514 1201 842 1248 Democritea
884 1216 984 1246 non
1029 1200 1270 1255 audisset,
1315 1199 1437 1263 quid
1480 1198 1753 1246 audierat?

263 1285 386 1349 quid
411 1286 545 1330 enim
572 1288 668 1329 est²
692 1285 744 1328 in
766 1280 985 1345 physicis
1010 1281 1214 1343 Epicuri
1237 1297 1339 1328 non
1363 1297 1393 1327 a
1416 1280 1711 1327 Democrito
1733 1280 1752 1328 ?

261 1365 393 1412 Nam
421 1367 517 1411 etsi
543 1363 796 1427 quaedam
825 1366 1174 1418 commutavit,
1199 1369 1258 1409 ut
1288 1362 1424 1425 quod
1451 1361 1602 1424 paulo
1633 1369 1754 1408 ante

260 1448 324 1495 de
349 1446 673 1492 inclinatione
701 1452 985 1491 atomorum
1012 1445 1134 1500 dixi,
1160 1451 1336 1490 tamen
1361 1442 1604 1507 pleraque
1631 1444 1754 1490 dicit

260 1529 458 1583 eadem,
491 1534 685 1573 atomos
716 1529 866 1572 inane
897 1528 1162 1589 imagines,
1192 1525 1501 1571 infinitatem
1532 1524 1753 1571 locorum

259 1607 882 1670 innumerabilitatemque
923 1607 1244 1662 mundorum,
1287 1623 1460 1653 eorum
1502 1613 1641 1653 ortus
1681 1609 1755 1652 in-

261 1695 461 1746 teritus,
489 1692 657 1735 omnia
681 1687 791 1734 fere
817 1689 998 1752 quibus
1024 1695 1236 1735 naturae
1261 1690 1391 1734 ratio
1416 1691 1720 1734 continetur.

185 1780 239 1822 74
327 1772 517 1818 “Nunc
541 1774 671 1817 istuc
704 1770 873 1833 ‘quasi
906 1768 1109 1832 corpus'
1143 1776 1198 1816 et
1230 1769 1398 1832 ‘quasi
1430 1765 1755 1832 sanguinem'

265 1855 386 1918 quid
432 1852 723 1916 intellegis?
793 1851 903 1915 Ego
952 1854 1087 1897 enim
1140 1857 1194 1897 te
1249 1854 1373 1897 scire
1426 1853 1525 1897 ista
1577 1849 1757 1897 melius

264 1952 417 2000 quam
445 1951 528 1981 me
558 1950 659 1980 non
688 1932 853 1979 fateor
882 1932 1043 1979 solum
1072 1932 1163 1979 sed
1193 1935 1348 1978 etiam
1377 1930 1525 1978 facile
1554 1934 1757 1994 patior3

263 2034 378 2065 cum
395 2016 620 2079 quidem³
641 2014 798 2061 semel
815 2015 951 2061 dicta
966 2021 1101 2070 sunt,
1127 2014 1249 2077 quid
1274 2020 1352 2060 est
1376 2013 1511 2076 quod
1534 2012 1755 2059 Velleius

262 2098 562 2161 intellegere
597 2099 772 2159 possit,
809 2095 962 2142 Cotta
986 2112 1087 2142 non
1121 2095 1320 2157 possit?
1358 2094 1542 2158 Itaque
1577 2109 1756 2156 corpus

264 2180 387 2244 quid
419 2183 500 2234 sit,
533 2181 735 2241 sanguis
770 2178 891 2240 quid
923 2180 989 2224 sit
1020 2176 1280 2240 intellego,
1315 2179 1456 2239 quasi
1490 2191 1668 2237 corpus
1703 2181 1758 2222 et

266 2264 407 2325 quasi
433 2262 634 2323 sanguis
661 2259 782 2321 quid
816 2262 881 2305 sit
914 2258 1050 2305 nullo
1083 2274 1283 2321 prorsus
1309 2257 1458 2304 modo
1492 2255 1752 2320 intellego.

266 2343 445 2406 Neque
482 2348 539 2388 tu
574 2355 657 2386 me
692 2339 824 2387 celas
863 2347 922 2387 ut
960 2338 1275 2403 Pythagoras
1315 2337 1511 2385 solebat
1551 2336 1756 2394 alienos,

684 2468 701 2493 ²
731 2482 830 2509 eam
851 2476 872 2513 <
886 2467 1108 2511 insulam>
1130 2467 1350 2519 Plasbery.

315 2525 332 2551 ¹
363 2526 479 2565 enim
501 2527 566 2564 est
586 2523 651 2564 ed.
671 2539 682 2564 ε
715 2526 780 2563 est
800 2523 859 2570 A,
882 2522 935 2570 Β,
958 2524 1075 2563 enim
1097 2522 1199 2562 dett.
1412 2520 1431 2546 ⁸
1459 2523 1608 2561 autem
1625 2521 1647 2560 ?
1665 2519 1732 2562 ed.

270 2592 334 2640 70
