1853 3001
897 187 1149 236 CICERO

276 318 417 363 cuius
454 316 660 380 quidem
698 315 994 364 clarissimas
1032 316 1202 365 stellas
1239 320 1360 365 totis
1398 318 1629 366 noctibus
1665 334 1768 366 cer-

275 400 457 438 mmus,

395 473 505 512 quas
527 462 664 501 nostri
685 460 866 512 Septem
887 460 1003 501 soliti
1022 463 1214 503 vocitare
1234 461 1415 503 Triones
1433 478 1444 509 ς

173 542 250 582 106
275 536 601 599 paribusque1
640 535 797 582 stellis
831 535 1060 583 similiter
1098 537 1347 584 distinctis
1388 537 1608 585 eundem
1645 535 1770 584 caeli

278 606 518 650 verticem
541 603 724 650 lustrat
745 620 900 666 parva
923 603 1184 667 Cynosura
1207 621 1217 651 ε

395 690 479 731 hac
499 689 644 730 fidunt
664 689 776 730 duce
798 694 1014 731 nocturna
1037 690 1275 732 Phoenices
1298 693 1342 731 in
1363 690 1481 738 alto:

393 744 470 785 sed
492 746 611 796 prior
631 743 706 784 illa
727 746 869 796 magis
891 744 1024 785 stellis
1045 744 1252 785 distincta
1273 745 1463 798 refulget

394 802 438 839 et
457 797 545 839 late
565 800 710 850 prima
730 799 962 839 confestim
984 812 1011 838 a
1032 803 1160 839 nocte
1179 798 1367 847 videtur,

394 851 505 893 haec
523 865 626 893 vero
647 865 786 905 parva
806 857 884 900 est,
907 852 983 893 sed
1006 855 1152 893 nautis
1173 866 1279 894 usus
1300 855 1346 893 in
1367 853 1451 894 hac
1471 856 1552 901 est,

395 919 500 947 nam
521 919 652 947 cursu
673 908 876 947 interiore
897 906 1019 947 brevi
1040 909 1308 948 convertitur
1328 907 1447 948 orbe.

275 981 441 1028 XLII.
478 981 548 1028 Et
604 998 704 1045 quo
761 984 827 1029 sit
884 997 1057 1028 earum
1114 981 1375 1029 stellarum
1432 980 1771 1030 admirabilior

276 1056 529 1113 aspectus,

395 1124 475 1166 has
496 1127 622 1173 inter,
644 1124 780 1166 veluti
799 1124 955 1177 rapido
976 1138 1080 1166 cum
1099 1127 1277 1178 gurgite
1296 1125 1477 1174 flumen,

395 1183 545 1220 torvus
567 1180 713 1220 Draco
734 1181 869 1231 serpit
889 1179 1040 1220 subter
1060 1192 1309 1231 superaque
1330 1179 1556 1221 revolvens

393 1246 485 1274 sese
506 1233 830 1285 conficiensque
850 1235 972 1274 sinus
993 1247 1017 1274 e
1037 1247 1218 1286 corpore
1239 1233 1386 1275 flexos.

172 1316 248 1357 107
275 1309 395 1356 Eius
415 1326 530 1356 cum
546 1312 702 1355 totius
721 1315 798 1355 est
816 1308 1075 1371 praeclara
1093 1312 1302 1372 species,
1319 1313 1506 1358 <tum>2
1525 1311 1577 1354 in
1595 1310 1769 1371 primis

275 1377 566 1441 aspicienda
592 1383 671 1423 est
697 1376 857 1440 figura
885 1380 1063 1439 capitis
1091 1383 1246 1440 atque
1275 1376 1421 1423 ardor
1446 1375 1701 1423 oculorum
1725 1390 1737 1422 z

392 1463 495 1505 huic
516 1477 605 1504 non
625 1476 717 1503 una
738 1462 871 1503 modo
892 1466 1028 1515 caput
1048 1476 1210 1503 ornans
1231 1461 1355 1503 stella
1376 1461 1552 1510 relucet,

392 1531 545 1559 verum
567 1522 767 1569 tempora
788 1521 892 1557 sunt
911 1516 1077 1569 duplici
1096 1516 1271 1569 fulgore
1291 1520 1446 1557 notata

392 1585 418 1613 e
436 1571 723 1624 trucibusque
744 1570 880 1611 oculis
902 1570 991 1611 duo
1012 1570 1182 1611 fervida
1202 1570 1372 1611 lumina
1393 1571 1584 1623 flagrant

391 1630 527 1678 atque
547 1639 637 1666 uno
659 1629 859 1665 mentum
880 1624 1073 1665 radianti
1093 1624 1233 1665 sidere
1252 1624 1370 1665 lucet
1387 1640 1398 1671 ;

392 1679 618 1732 obstipum
639 1684 775 1731 caput
795 1683 842 1719 at
861 1681 987 1719 tereti
1007 1681 1173 1719 cervice
1194 1678 1404 1720 reflexum

393 1733 599 1775 obtutum
621 1735 666 1774 in
687 1732 832 1774 cauda
853 1734 1030 1773 maioris
1052 1732 1186 1785 figere
1207 1732 1342 1774 dicas.

174 1818 253 1858 108
278 1810 347 1857 Et
378 1809 628 1872 reliquum
660 1809 867 1872 quidem
898 1825 1076 1871 corpus
1109 1807 1353 1855 Draconis
1384 1809 1506 1855 totis
1537 1806 1768 1854 noctibus

274 1880 524 1925 cernimus
549 1893 558 1923 ε
603 1864 645 1902 V

393 1953 477 1995 hoc
496 1956 632 2005 caput
652 1952 724 1993 hic
743 1951 929 2004 paulum
951 1965 1043 1993 sese
1064 1951 1211 1992 subito
1232 1964 1423 2004 aequore
1444 1949 1628 1998 condit‚³

393 2012 514 2049 ortus
536 2007 613 2047 ubi
634 2011 768 2058 atque
790 2006 936 2047 obitus
958 2006 1150 2058 partem⁴
1171 2005 1439 2046 admiscetur
1459 2006 1505 2046 in
1525 2002 1699 2046 unam.⁸

277 2084 337 2131 Id
360 2090 533 2130 autem
556 2088 711 2145 caput

390 2171 613 2264 attssntgens
634 2168 806 2209 defessa
826 2167 946 2210 velut
966 2169 1201 2209 maerentis
1222 2169 1372 2221 imago

390 2237 441 2265 ve
486 2238 499 2264 1
520 2237 584 2271 ur,

375 2299 392 2324 ²
422 2300 692 2351 propiusque
715 2297 970 2349 ?Plasber9.
1241 2295 1258 2320 ²
1287 2295 1392 2336 add.
1416 2294 1662 2336 Manutius.

361 2353 378 2379 ⁸
407 2352 553 2393 subito
575 2364 765 2403 aequore
787 2350 938 2414 condit
962 2349 1140 2391 Grotius
1159 2366 1169 2391 =
1209 2349 1446 2413 subitoque
1467 2348 1677 2412 recondit.

431 2407 446 2430 ⁴
476 2410 648 2458 ‘'²²¹'oeOE
670 2403 1609 2509 ἕθῖῐ,ἱέἐῗῑὲἷηεῗέῥίῗὴιῑῐιῗιηῖἒῗῆαηουω

617 2559 637 2579 ⁶
666 2553 774 2595 Said
795 2558 841 2594 to
863 2567 992 2594 mean
1014 2553 1023 2568 ‘
1039 2551 1432 2606 threshing-oxen.'

280 2625 373 2667 224
