1919 3006
981 180 1232 229 CICERO

357 317 411 357 et
443 309 570 357 falsa
603 318 806 358 secutus
840 317 992 365 esset,
1025 313 1119 357 nisi
1152 316 1300 357 tanta
1330 311 1384 356 in
1416 308 1657 366 Arcesila,
1689 308 1851 358 multo

357 385 513 428 etiam
542 385 700 428 maior
730 385 784 428 in
813 380 1076 428 Carneade
1109 387 1163 427 et
1193 384 1337 443 copia
1366 397 1536 427 rerum
1567 388 1621 428 et
1651 381 1850 429 dicendi

356 454 426 498 vis
450 450 629 499 fuisset
651 453 669 498 ?

277 528 326 566 61
418 522 557 569 XIX.
596 522 623 539 “
649 522 792 571 Haec
821 521 1102 571 Antiochus
1131 521 1239 570 fere
1270 529 1324 570 et
1354 521 1709 570 Alexandreae
1739 530 1850 570 tum

355 600 409 639 et
442 593 614 640 multis
650 597 792 641 annis
826 602 943 658 post
976 594 1137 642 multo
1174 597 1331 641 etiam
1366 594 1764 650 adseverantius,
1797 597 1851 641 in

353 661 497 726 Syria
515 681 630 712 cum
651 673 785 713 esset
803 683 1004 714 mecum
1021 666 1172 730 paulo
1193 675 1313 714 ante
1333 683 1487 730 quam
1506 673 1586 713 est
1603 673 1847 713 mortuus.

354 732 455 781 Sed
474 738 576 781 iam
597 737 895 783 confirmata
915 754 1066 784 causa
1086 745 1139 784 te
1161 736 1419 784 hominem
1442 740 1797 784 amicissimum
1820 735 1849 753 ’'

351 821 498 852 —me
526 814 700 854 autem
726 808 1111 871 appellabat—“
1138 816 1192 856 et
1218 808 1411 872 aliquot
1436 811 1578 855 annis
1603 811 1849 855 minorem

353 883 478 922 natu
502 893 604 924 non
629 879 874 927 dubitabo
898 896 1106 927 monere
1130 897 1141 927 ε
1183 881 1345 936 Tune,
1371 897 1486 927 cum
1509 882 1668 926 tantis
1691 878 1851 926 laudi-

352 946 446 993 bus
477 947 846 1012 philosophiam
880 951 1121 999 extuleris
1154 952 1588 1014 Hortensiumque
1620 957 1849 997 nostrum

352 1017 740 1067 dissentientem
757 1026 1102 1079 commoveris,
1121 1039 1234 1069 eam
1250 1021 1619 1086 philosophiam
1635 1036 1849 1084 sequere

352 1104 483 1150 quae
518 1090 783 1140 confundit
817 1110 937 1140 vera
970 1111 1086 1141 cum
1119 1093 1273 1151 falsis,
1309 1093 1492 1157 spoliat
1525 1109 1616 1140 nos
1648 1092 1850 1148 iudicio,

350 1163 516 1221 privat
557 1163 940 1226 adprobatione,
975 1166 1225 1212 omnibusl
1262 1166 1409 1212 orbat
1449 1165 1714 1212 sensibus?
1781 1164 1852 1212 Et

352 1229 632 1281 Cimmeriis
667 1235 890 1298 quidem,
925 1237 1106 1299 quibus
1140 1243 1403 1300 aspectum
1436 1234 1551 1283 solis
1587 1238 1691 1283 sive
1724 1234 1850 1283 deus

352 1300 530 1366 aliquis
560 1308 663 1352 sive
694 1313 878 1353 natura
908 1307 1171 1355 ademerat
1201 1311 1304 1355 sive
1335 1311 1442 1355 eius
1470 1306 1565 1354 loci
1595 1323 1749 1370 quem
1777 1309 1851 1353 in-

351 1372 587 1423 colebant
613 1380 756 1433 situs,
782 1381 926 1442 ignes
953 1385 1129 1425 tamen
1156 1379 1387 1435 aderant,
1414 1395 1628 1443 quorum
1653 1377 1747 1424 illis
1774 1381 1848 1424 uti

351 1443 539 1493 lumine
580 1447 803 1505 licebat3
861 1452 945 1496 isti
988 1457 1162 1497 autem
1203 1467 1329 1514 quos
1369 1457 1428 1498 tu
1468 1451 1651 1513 probas
1691 1453 1849 1497 tantis

351 1515 518 1564 offusis
547 1521 773 1567 tenebris
801 1537 866 1567 ne
896 1520 1164 1568 scintillam
1193 1521 1400 1585 quidem
1429 1521 1584 1568 ullam
1611 1521 1755 1568 nobis
1785 1519 1847 1567 ad

351 1586 719 1649 dispiciendum
768 1590 1084 1654 reliquerunt
1107 1608 1118 1648 ;
1187 1608 1312 1655 quos
1362 1594 1403 1639 si
1453 1608 1741 1655 sequamur,
1789 1593 1849 1638 iis

351 1659 522 1707 vinclis
547 1664 701 1708 simus
727 1661 955 1710 adstricti
980 1670 1039 1710 ut
1062 1680 1152 1710 nos
1177 1678 1493 1710 commovere
1518 1679 1846 1726 nequeamus.

273 1738 325 1777 62
351 1729 562 1777 Sublata
582 1735 717 1778 enim
737 1733 1035 1780 adsensione
1056 1750 1259 1780 omnem
1279 1741 1334 1781 et
1351 1741 1549 1781 motum
1568 1737 1848 1781 animorum

353 1807 405 1847 et
425 1805 676 1848 actionem
694 1819 864 1850 rerum
882 1803 1197 1851 sustulerunt
1219 1820 1231 1860 3
1269 1805 1405 1869 quod
1421 1821 1523 1851 non
1540 1804 1690 1851 modo
1709 1811 1848 1852 recte

352 1871 458 1918 fieri
484 1873 574 1920 sed
606 1877 809 1921 omnino
839 1875 946 1922 fieri
972 1892 1074 1922 non
1101 1882 1289 1938 potest.
1359 1874 1572 1923 Provide
1602 1879 1758 1923 etiam
1783 1892 1848 1922 ne

351 1945 437 1989 uni
468 1945 561 1990 tibi
592 1947 743 1992 istam
774 1949 1085 1993 sententiam
1115 1949 1323 1993 minime
1352 1945 1506 1994 liceat
1535 1945 1848 2001 defendere;

350 2029 415 2060 an
449 2020 525 2070 tu,
558 2031 671 2061 cum
704 2032 784 2063 res
817 2016 1177 2063 occultissimas
1211 2019 1467 2080 aperueris
1498 2019 1551 2063 in
1581 2015 1849 2080 lucemque
1918 2055 1919 2059 ,

349 2084 617 2146 protuleris
645 2089 942 2150 iuratusque
972 2088 1157 2134 dixeris
1187 2104 1250 2134 ea
1276 2095 1331 2135 te
1359 2091 1662 2151 comperisse
1691 2088 1847 2152 (quod

840 2194 857 2221 ²
886 2197 1008 2236 omni
1028 2200 1106 2236 aut
1125 2196 1308 2236 omnino
1327 2196 1425 2238 edd.

399 2327 417 2347 ⁶
447 2323 540 2363 The
561 2322 850 2363 Catilinarian
872 2326 1149 2376 conspiracy,
1171 2327 1225 2365 63
1247 2338 1327 2365 B.c.

403 2375 418 2400 ²³
449 2376 602 2417 Cicero
625 2377 733 2418 used
758 2377 845 2418 this
869 2380 1121 2429 expression
1145 2380 1190 2418 in
1210 2378 1284 2418 the
1305 2381 1471 2426 senate,
1493 2377 1582 2420 and
1607 2379 1642 2419 it
1666 2378 1848 2420 became

346 2442 373 2470 a
393 2435 496 2470 cant
516 2431 675 2482 phrase
696 2431 801 2471 with
822 2431 965 2472 which
986 2432 1041 2472 he
1060 2445 1150 2472 was
1170 2433 1292 2472 often
1313 2431 1511 2473 taunted.

414 2489 429 2508 ⁶
458 2485 498 2524 A
531 2484 671 2538 likely
698 2485 982 2527 emendation
1017 2487 1141 2539 gives
1169 2486 1180 2502 ‘
1199 2485 1290 2526 and
1318 2487 1353 2527 it
1381 2499 1471 2527 was
1502 2485 1668 2527 known
1699 2489 1747 2527 to
1779 2499 1850 2527 me

349 2537 455 2578 too.'

354 2606 449 2650 544
