1919 3006
787 732 1383 794 ACADEMICA

834 877 1042 925 LIBER
1077 877 1345 927 PRIMUS

824 1007 1018 1071 (EDITIO
1055 1011 1351 1074 Posrmuon)

292 1148 315 1190 1
405 1137 446 1185 I.
485 1139 545 1185 In
580 1137 808 1185 Cumano
845 1155 1006 1201 nuper
1041 1155 1157 1185 cum
1190 1155 1393 1185 mecum
1427 1139 1631 1187 Atticus
1667 1146 1839 1188 noster

340 1214 492 1263 esset,
515 1210 808 1253 nuntiatum
833 1213 910 1252 est
933 1207 1075 1252 nobis
1101 1223 1129 1252 a
1154 1206 1228 1252 M.
1253 1206 1479 1253 Varrone
1501 1210 1699 1254 venisse
1723 1224 1840 1254 eum

339 1274 501 1321 Roma
531 1274 694 1336 pridie
730 1276 927 1336 vesperi
957 1280 1009 1320 et
1036 1277 1130 1320 nisi
1167 1274 1232 1320 de
1259 1277 1340 1320 via
1366 1272 1527 1322 fessus
1556 1282 1690 1322 esset
1725 1291 1841 1322 con-

339 1345 484 1388 tinuo
520 1342 584 1388 ad
617 1357 707 1387 nos
743 1348 1013 1387 venturum
1047 1339 1217 1387 fuisse.
1287 1340 1438 1399 Quod
1470 1358 1585 1388 cum
1620 1342 1840 1389 audisse-

339 1426 469 1464 mus,
500 1408 690 1455 nullam
719 1424 914 1454 moram
943 1408 1369 1471 interponendam
1397 1413 1688 1471 putavimus
1717 1412 1841 1473 quin

340 1477 625 1523 videremus
661 1475 919 1522 hominem
954 1476 1216 1522 nobiscum
1253 1483 1307 1523 et
1341 1476 1521 1523 studiis
1558 1477 1750 1524 eisdem
1786 1483 1841 1523 et

339 1550 599 1590 vetustate
621 1546 873 1589 amicitiae
894 1546 1218 1590 coniunctum
1241 1558 1253 1599 3
1291 1547 1467 1606 itaque
1487 1542 1754 1591 confestim
1775 1543 1840 1591 ad

340 1627 457 1658 eum
495 1614 569 1657 ire
602 1614 934 1673 perreximus,
970 1610 1281 1673 paulumque
1315 1627 1430 1657 cum
1464 1612 1548 1658 ab1
1579 1614 1685 1658 eius
1722 1611 1840 1657 villa

339 1679 630 1725 abessemus
658 1682 823 1740 ipsum
853 1678 918 1725 ad
944 1694 1034 1724 nos
1063 1682 1356 1724 venientem
1383 1678 1597 1725 vidimus
1620 1693 1633 1734 3
1680 1685 1838 1742 atque

339 1746 479 1792 illum
502 1745 752 1807 complexi
774 1752 833 1791 ut
853 1761 961 1791 mos
985 1749 1259 1792 amicorum
1283 1752 1378 1802 est,
1401 1749 1522 1792 satis
1547 1761 1664 1792 eum
1684 1745 1837 1809 longo

289 1823 315 1862 2
338 1813 602 1860 intervallo
620 1813 683 1859 ad
699 1829 842 1859 suam
861 1812 1030 1859 villam
1039 1813 1348 1860 reduximus,
1384 1812 1481 1859 Hic
1495 1829 1659 1876 pauca
1675 1816 1838 1875 primo

339 1887 496 1944 atque
538 1896 599 1926 ea
634 1881 1050 1942 percontantibus
1098 1881 1241 1927 nobis
1281 1880 1463 1943 ecquid
1508 1879 1641 1927 forte
1677 1879 1839 1927 Roma.

338 1951 453 1994 novi
476 1963 488 2003 ;
524 1953 655 1994 tum2
681 1948 883 1994 Atticus
914 1947 942 1963 “
969 1947 1168 1995 Omitte
1196 1951 1312 2003 ista,
1337 1963 1469 2011 quae
1499 1963 1594 1994 nec
1629 1963 1837 2010 percon-

338 2018 435 2062 tari
463 2031 557 2061 nec
586 2015 760 2062 audire
788 2018 896 2061 sine
922 2015 1157 2061 molestia
1183 2031 1466 2077 possumus,
1495 2013 1735 2078 quaeSO‚''
1763 2018 1838 2060 in-

338 2086 466 2145 quit,
487 2081 514 2098 “
542 2089 594 2128 et
615 2098 803 2145 quaere
823 2085 991 2145 potius
1014 2082 1194 2146 ecquid
1213 2085 1321 2145 ipse
1342 2085 1456 2128 novi
1479 2097 1492 2138 ;
1530 2081 1682 2128 silent
1703 2085 1837 2128 enim

338 2151 526 2197 diutius
565 2149 748 2196 Musae
783 2149 1019 2197 Varronis
1056 2166 1210 2213 quam
1244 2149 1495 2205 solebant,
1530 2165 1625 2196 nec
1658 2155 1835 2196 tamen

704 2267 721 2292 ²
750 2267 807 2308 ab
829 2267 1016 2308 inseruit
1043 2266 1304 2318 lVesenbery.

757 2322 774 2346 ²
803 2325 899 2362 tum
919 2322 1108 2362 inseruit
1126 2321 1257 2362 Reid.

397 2453 416 2472 ⁰
443 2448 479 2487 T
484 2448 549 2487 his
578 2446 706 2488 Book
732 2459 781 2487 as
808 2460 872 2487 we
898 2446 1011 2487 have
1037 2448 1071 2486 it
1095 2445 1280 2498 belongs
1306 2450 1352 2487 to
1377 2446 1453 2486 the
1478 2445 1640 2487 second
1666 2445 1833 2486 edition

341 2501 390 2541 of
433 2501 622 2541 Cicero’s
669 2500 808 2549 work,
855 2500 945 2540 and
993 2502 1028 2541 is
1075 2499 1293 2541 therefore
1339 2499 1522 2541 entitled
1567 2500 1833 2541 Academica

340 2556 591 2596 Posteriora
612 2555 673 2608 by
693 2567 816 2596 some
836 2554 1014 2596 editors.

337 2626 433 2667 410
