1919 3006
151 1004 227 1044 142

149 1656 227 1695 143

879 130 1132 179 CICERO

253 278 372 309 nem
407 277 561 325 quam
596 267 651 308 te
685 265 959 324 putaveris.
1023 261 1246 307 Tantum
1281 263 1498 308 interest
1528 261 1665 324 quod
1693 268 1751 310 tu

254 360 368 390 cum
408 359 461 390 65
500 350 780 389 commotus
821 343 1119 405 adquiescis,
1160 343 1443 398 adsentiris,
1484 342 1751 405 adprobas,

255 440 429 471 verum
451 423 575 470 illud
597 431 793 470 certum
817 422 1237 486 comprehensum
1258 430 1559 486 perceptum
1580 431 1749 470 ratum

255 505 454 551 firmum
504 505 662 551 fixum
710 508 782 551 vis
835 510 981 560 6556,1
1033 505 1201 567 deque
1252 520 1313 551 eo
1362 503 1502 551 nulla
1547 508 1746 552 ratione

254 603 420 649 neque
448 585 567 649 pelli
596 602 763 649 neque
791 588 982 632 moveri
1009 593 1174 648 potes,
1204 601 1300 649 ego
1328 585 1452 632 nihil
1479 588 1587 633 eius
1614 587 1751 633 modi

256 684 365 715 esse
421 668 635 714 arbitror
688 670 769 714 cui
817 670 857 713 si
911 667 1151 713 adsensus
1200 670 1294 713 sim
1340 683 1443 713 non
1496 667 1753 714 adsentiar

255 765 408 812 saepe
449 748 593 804 falso,
629 751 867 812 quoniam
902 764 1021 794 vera
1056 765 1086 794 a
1118 747 1255 794 falsis
1289 747 1426 795 nullo
1468 748 1752 795 discrimine

254 838 570 893 separantur,
610 833 911 893 praesertim
949 846 1064 876 cum
1101 829 1286 876 iudicia
1320 832 1421 876 ista
1457 828 1752 876 dialecticae

254 912 391 958 nulla
415 915 530 959 sint.

317 994 345 1009 “
369 993 531 1040 Venio
557 996 692 1040 enim
715 996 817 1039 iam
843 993 907 1040 ad
931 995 1139 1039 tertiam
1163 1000 1364 1055 partem
1389 991 1749 1055 philosophiae.

254 1075 408 1123 Aliud
441 1075 681 1122 iudicium
717 1074 1026 1138 Protagorae
1064 1081 1142 1120 est
1178 1077 1263 1137 qui
1298 1081 1450 1136 putet
1483 1074 1537 1121 id
1571 1077 1751 1137 cuique

253 1173 429 1203 verum
449 1173 558 1203 esse
579 1156 714 1220 quod
733 1159 914 1218 cuique
935 1156 1184 1211 videatur,
1206 1154 1342 1202 aliud
1361 1155 1753 1219 Cyrenaicorum

253 1242 339 1302 qui
375 1246 580 1301 praeter
621 1241 962 1301 permotione}
1004 1240 1208 1284 intimas
1250 1236 1372 1282 nihil
1412 1244 1600 1300 putant
1641 1253 1752 1284 esse

252 1321 439 1376 iudicii,
467 1319 603 1367 aliud
635 1320 840 1382 Epicuri
875 1322 961 1382 qui
995 1335 1144 1365 omne
1177 1318 1419 1365 iudicium
1445 1321 1500 1365 in
1523 1319 1751 1366 sensibus

253 1409 308 1448 et
330 1405 383 1448 in
405 1417 575 1448 rerum
599 1404 793 1448 notitiis
819 1407 873 1448 et
896 1404 948 1446 in
972 1399 1237 1463 voluptate
1262 1402 1528 1447 constituit
1549 1415 1562 1456 ;
1606 1399 1752 1446 Plato

253 1491 427 1530 autem
461 1499 610 1530 omne
643 1483 884 1529 iudicium
919 1485 1148 1528 veritatis
1182 1484 1557 1545 veritatemque
1590 1484 1752 1544 ipsam

253 1565 527 1612 abductam
563 1565 626 1611 ab
662 1564 979 1627 opinionibus
1015 1570 1070 1610 et
1105 1580 1135 1609 a
1168 1564 1397 1610 sensibus
1431 1565 1751 1627 cogitationis

252 1650 408 1709 ipsius
430 1653 484 1693 et
503 1649 690 1692 mentis
712 1661 821 1692 esse
843 1644 1016 1692 voluit.
1073 1644 1208 1691 Num
1229 1644 1352 1708 quid
1369 1643 1550 1691 horum
1569 1645 1753 1707 probat

254 1734 427 1774 noster
466 1726 789 1774 Antiochus?
865 1726 956 1772 Ille
996 1742 1114 1773 vero
1154 1741 1219 1772 ne
1258 1728 1505 1772 maiorum
1546 1725 1752 1789 quidem

253 1810 610 1856 suorum—ubi
652 1812 786 1854 enim
829 1815 918 1854 aut
957 1807 1284 1854 Xenocraten
1325 1810 1571 1870 sequitur,
1612 1810 1752 1853 cuius

254 1890 366 1937 libri
415 1898 534 1937 sunt
583 1890 647 1937 de
697 1893 893 1936 ratione
943 1888 1183 1952 loquendi
1232 1888 1380 1935 multi
1431 1895 1485 1935 et
1533 1887 1750 1934 multum

252 1973 470 2035 probati,
509 1979 598 2018 aut
634 1975 798 2034 ipsum
837 1970 1187 2026 Aristotelem,
1225 1987 1325 2033 quo
1361 1967 1592 2032 profecto
1629 1968 1749 2015 nihil

253 2060 333 2100 est
381 2056 594 2109 acutius,
642 2051 765 2098 nihil
812 2051 1058 2114 politius?
1139 2052 1186 2098 A
1235 2050 1516 2114 Chrysippo
1563 2050 1749 2113 pedem

250 2150 514 2197 nusquam.
584 2133 796 2180 XLVII.
846 2133 982 2191 Quid
1029 2149 1149 2196 ergo
1190 2133 1482 2179 Academici
1528 2130 1749 2194 appella-

249 2232 361 2262 mur
384 2216 402 2262 ?
443 2231 507 2261 an
528 2216 783 2262 abutimur
802 2214 961 2278 gloria
979 2217 1193 2260 nominis
1216 2214 1235 2260 ?
1288 2215 1396 2260 Aut
1415 2229 1503 2260 cur
1520 2215 1746 2276 cogimur

250 2312 337 2344 eos
371 2300 515 2360 sequi
543 2299 629 2360 qui
655 2300 790 2343 inter
817 2312 871 2343 56
899 2296 1146 2343 dissident
1168 2296 1186 2342 ?
1258 2294 1319 2341 In
1351 2293 1447 2341 hoc
1473 2296 1581 2357 ipso
1608 2294 1744 2357 quod

386 2383 404 2408 ¹
434 2385 499 2424 vis
519 2396 614 2424 esse
632 2383 749 2423 Reid
767 2400 776 2423 ε
814 2383 951 2423 fuisse
970 2384 1036 2423 vis
1057 2383 1124 2422 vel
1144 2383 1281 2422 fuisse
1301 2382 1368 2422 vel
1389 2382 1455 2422 vis
1474 2381 1598 2422 codd.

797 2491 817 2512 ⁸
844 2486 929 2529 See
947 2488 975 2528 i.
996 2490 1051 2528 25
1075 2491 1190 2528 note.

249 2551 347 2600 650
