1853 3001
911 209 1162 258 CICERO

292 347 347 389 et
378 346 702 404 praesentem
736 356 794 386 ac
825 346 1217 402 praepotentem
1250 339 1445 387 deum?
1513 339 1663 399 Quod
1695 342 1781 405 qui

292 423 513 478 dubitet,
540 421 676 468 haud
704 437 825 468 sane
851 420 1095 485 intellego
1122 438 1209 468 cur
1236 438 1336 468 non
1362 422 1499 469 idem
1526 420 1598 469 sol
1624 425 1690 469 sit
1717 439 1781 469 an

240 514 267 553 5
291 504 454 551 nullus
502 507 567 550 sit
615 504 848 550 dubitare
896 506 1085 565 possit3
1133 506 1219 566 qui
1267 505 1402 550 enim
1449 509 1528 550 est
1564 502 1659 550 hoc
1698 502 1781 550 illo

291 585 615 633 evidentius?
684 584 834 643 Quod
864 587 957 631 nisi
988 587 1247 648 cognitum
1278 583 1782 648 conprehensumque

290 670 468 714 animis
519 665 840 722 haberemus,
894 683 994 712 non
1045 673 1153 713 tam
1204 665 1396 713 stabilis
1448 669 1616 729 opinio
1669 682 1782 729 per-

289 755 523 796 maneret
541 764 634 795 nee
659 748 1041 795 confirmaretur
1065 748 1402 795 diuturnitate
1421 751 1663 811 temporis
1687 763 1781 795 nec

291 847 392 878 una
433 847 547 877 cum
589 829 764 876 saeclis
802 830 1160 893 aetatibusque
1204 828 1465 876 hominum
1508 831 1779 876 inveterari

287 915 552 975 potuisset.
621 911 829 958 Etenim
853 911 1081 958 videmus
1117 917 1312 958 ceteras
1342 913 1601 974 opiniones
1637 911 1779 958 fictas

289 1001 445 1057 atque
496 1009 649 1040 vanas
701 993 1039 1040 diuturnitate
1091 993 1397 1039 extabuisse.
1467 992 1591 1051 Quis
1643 995 1777 1039 enim

286 1075 758 1139 Hippocentaurum
782 1073 936 1121 fuisse
971 1080 1060 1121 aut
1085 1073 1405 1121 Chimaeram
1429 1081 1598 1137 putat,
1623 1090 1778 1138 quae-

286 1173 347 1205 ve
368 1173 491 1204 anus
512 1164 619 1204 tam
637 1173 810 1203 excors
823 1159 1034 1202 inveniri
1046 1162 1219 1219 potest
1231 1172 1362 1220 quae
1379 1155 1464 1202 illa
1475 1172 1606 1219 quae
1618 1171 1776 1218 quon-

285 1239 402 1286 dam
428 1239 766 1286 credebantur
793 1238 929 1300 apud
952 1235 1137 1284 inferos
1167 1244 1409 1300 portenta
1434 1236 1773 1284 extimescat?

284 1319 566 1383 Opinionis1
595 1323 731 1366 enim
750 1326 1039 1366 commenta
1059 1318 1198 1366 delet
1217 1319 1342 1375 dies,
1361 1326 1574 1365 naturae
1590 1319 1775 1366 iudicia

281 1402 561 1449 confirmat.

345 1482 579 1546 “Itaque
607 1488 661 1529 et
691 1484 743 1528 in
767 1488 941 1528 nostro
973 1480 1161 1545 populo
1195 1487 1250 1528 et
1271 1483 1324 1528 in
1349 1483 1534 1528 ceteris
1563 1480 1774 1528 deorum

293 1564 458 1611 cultus
494 1564 896 1628 religionumque
933 1566 1230 1610 sanctitates
1273 1566 1525 1610 exsistunt
1568 1565 1620 1609 in
1663 1564 1772 1611 dies

230 1656 257 1696 6
280 1650 492 1693 maiores
537 1653 693 1709 atque
734 1645 989 1700 meliores,
1027 1644 1182 1708 idque
1222 1647 1394 1691 evenit
1431 1660 1532 1690 non
1573 1650 1772 1692 temere

286 1744 382 1775 nec
407 1744 543 1784 casu,
567 1727 660 1775 sed
684 1728 820 1791 quod
845 1734 898 1774 et
926 1734 1221 1790 praesentes
1246 1742 1399 1789 saepe
1424 1726 1473 1774 di
1504 1729 1604 1772 vim
1629 1743 1771 1774 suam

279 1809 556 1866 declarant,
575 1816 633 1856 ut
654 1815 708 1855 et
729 1808 864 1872 apud
882 1807 1136 1871 Regillum
1161 1806 1296 1854 bello
1316 1806 1632 1863 Latinorum,
1657 1824 1772 1855 cum

287 1892 349 1938 A.
365 1890 652 1937 Postumius
664 1891 882 1938 dictator
892 1907 1005 1937 cum
1019 1890 1231 1937 Octavio
1250 1888 1479 1936 Mamilio
1489 1888 1770 1938 Tusculano

279 1973 468 2036 proelio
493 1973 774 2029 dimicaret,
799 1975 851 2018 in
875 1979 1048 2019 nostra
1080 1974 1186 2018 acie
1212 1970 1390 2018 Castor
1423 1977 1477 2017 et
1501 1969 1679 2018 Pollux
1705 1987 1769 2019 ex

280 2058 421 2118 equis
447 2070 675 2118 pugnare
695 2057 784 2100 visi
809 2061 945 2109 sunt,
968 2060 1020 2100 et
1044 2055 1324 2100 recentiore
1349 2055 1592 2099 memoria
1614 2052 1768 2099 iidem

276 2135 597 2200 Tyndaridae
632 2135 837 2182 Persem
871 2137 1060 2181 victum
1094 2137 1470 2182 nuntiaverunt.
1540 2132 1595 2181 P.
1633 2137 1767 2180 enim

277 2216 527 2274 Vatinius,
547 2233 667 2264 avus
693 2215 839 2263 huius
867 2215 1220 2272 adulescentis,
1246 2231 1360 2262 cum
1381 2219 1429 2261 e²
1447 2213 1768 2277 praefectura

276 2297 494 2346 Reatina
537 2298 749 2345 Romam
794 2301 1017 2345 venienti
1061 2304 1215 2344 noctu
1258 2297 1358 2344 duo
1401 2299 1608 2343 iuvenes
1652 2312 1766 2342 cum

276 2383 418 2444 equis
449 2380 572 2427 albis
603 2381 850 2426 dixissent
877 2395 1052 2443 regem
1083 2378 1286 2425 Persem
1317 2376 1400 2424 illo
1430 2377 1512 2424 die
1541 2384 1765 2440 captum,

521 2517 540 2543 ²
567 2519 785 2568 opinionis
807 2517 916 2558 det.:
948 2530 1022 2557 -ne
1041 2516 1102 2564 A,
1123 2516 1177 2564 B,
1197 2529 1326 2556 -num
1348 2515 1385 2557 B
1403 2528 1515 2558 corr.

808 2572 824 2596 ²
855 2573 939 2615 <ei>
959 2584 982 2612 e
1003 2570 1237 2622 Heindorf,

278 2639 370 2689 126
