<?xml version="1.0" encoding="UTF-8"?>
<!DOCTYPE html PUBLIC "-//W3C//DTD XHTML 1.0 Transitional//EN"
    "http://www.w3.org/TR/xhtml1/DTD/xhtml1-transitional.dtd">
<html xmlns="http://www.w3.org/1999/xhtml" xml:lang="en" lang="en">
 <head>
  <title>
</title>
<meta http-equiv="Content-Type" content="text/html;charset=utf-8" />
  <meta name='ocr-system' content='tesseract 3.04.00' />
  <meta name='ocr-capabilities' content='ocr_page ocr_carea ocr_par ocr_line ocrx_word'/>
</head>
<body>
  <div class='ocr_page' id='page_1' title='image "./denaturadeorumac00ciceuoft_0582.png"; bbox 0 0 1919 3006; ppageno 0'>
   <div class='ocr_carea' id='block_1_1' title="bbox 291 530 345 569">
    <p class='ocr_par' dir='ltr' id='par_1_1' title="bbox 291 530 345 569">
     <span class='ocr_line' id='line_1_1' title="bbox 291 530 345 569; baseline -0.019 0"><span class='ocrx_word' id='word_1_1' title='bbox 291 530 345 569; x_wconf 82' lang='lat'>64</span> 
     </span>
    </p>
   </div>
   <div class='ocr_carea' id='block_1_2' title="bbox 991 207 1243 256">
    <p class='ocr_par' dir='ltr' id='par_1_2' title="bbox 991 207 1243 256">
     <span class='ocr_line' id='line_1_2' title="bbox 991 207 1243 256; baseline 0.004 -1"><span class='ocrx_word' id='word_1_2' title='bbox 991 207 1243 256; x_wconf 88' lang='lat' dir='ltr'>CICERO</span> 
     </span>
    </p>
   </div>
   <div class='ocr_carea' id='block_1_3' title="bbox 369 330 1875 1132">
    <p class='ocr_par' dir='ltr' id='par_1_3' title="bbox 369 330 1866 483">
     <span class='ocr_line' id='line_1_3' title="bbox 369 330 1866 394; baseline -0.003 -8"><span class='ocrx_word' id='word_1_3' title='bbox 369 341 534 394; x_wconf 82' lang='lat' dir='ltr'><strong>sisset,</strong></span> <span class='ocrx_word' id='word_1_4' title='bbox 587 336 735 384; x_wconf 92' lang='lat' dir='ltr'>simul</span> <span class='ocrx_word' id='word_1_5' title='bbox 788 353 845 384; x_wconf 89' lang='lat' dir='ltr'>ac</span> <span class='ocrx_word' id='word_1_6' title='bbox 897 338 1059 383; x_wconf 89' lang='lat' dir='ltr'>visum</span> <span class='ocrx_word' id='word_1_7' title='bbox 1112 338 1194 392; x_wconf 89' lang='lat' dir='ltr'>sit,</span> <span class='ocrx_word' id='word_1_8' title='bbox 1248 338 1506 382; x_wconf 90' lang='lat' dir='ltr'>sententia</span> <span class='ocrx_word' id='word_1_9' title='bbox 1557 330 1866 382; x_wconf 87' lang='lat' dir='ltr'>destitisse.”</span> 
     </span>
     <span class='ocr_line' id='line_1_4' title="bbox 370 427 1670 483; baseline -0.003 -6"><span class='ocrx_word' id='word_1_10' title='bbox 370 431 512 477; x_wconf 87' lang='lat' dir='ltr'>Haec</span> <span class='ocrx_word' id='word_1_11' title='bbox 536 446 651 476; x_wconf 90' lang='lat' dir='ltr'>cum</span> <span class='ocrx_word' id='word_1_12' title='bbox 675 429 886 475; x_wconf 80' lang='lat' dir='ltr'>dixisset</span> <span class='ocrx_word' id='word_1_13' title='bbox 911 427 1138 483; x_wconf 80' lang='lat' dir='ltr'><strong>Catulus,</strong></span> <span class='ocrx_word' id='word_1_14' title='bbox 1161 443 1244 474; x_wconf 90' lang='lat' dir='ltr'>me</span> <span class='ocrx_word' id='word_1_15' title='bbox 1270 443 1444 474; x_wconf 91' lang='lat' dir='ltr'>omnes</span> <span class='ocrx_word' id='word_1_16' title='bbox 1467 430 1670 474; x_wconf 89' lang='lat' dir='ltr'>intueri.</span> 
     </span>
    </p>

    <p class='ocr_par' dir='ltr' id='par_1_4' title="bbox 369 517 1875 1132">
     <span class='ocr_line' id='line_1_5' title="bbox 434 517 1868 584; baseline -0.003 -16"><span class='ocrx_word' id='word_1_17' title='bbox 434 522 545 568; x_wconf 90' lang='lat' dir='ltr'>XX.</span> <span class='ocrx_word' id='word_1_18' title='bbox 581 521 711 567; x_wconf 91' lang='lat' dir='ltr'>Tum</span> <span class='ocrx_word' id='word_1_19' title='bbox 735 537 847 584; x_wconf 86' lang='lat' dir='ltr'>ego,</span> <span class='ocrx_word' id='word_1_20' title='bbox 870 536 971 566; x_wconf 91' lang='lat' dir='ltr'>non</span> <span class='ocrx_word' id='word_1_21' title='bbox 992 523 1157 566; x_wconf 92' lang='lat' dir='ltr'>minus</span> <span class='ocrx_word' id='word_1_22' title='bbox 1179 526 1461 566; x_wconf 87' lang='lat' dir='ltr'>commotus</span> <span class='ocrx_word' id='word_1_23' title='bbox 1483 535 1636 582; x_wconf 91' lang='lat' dir='ltr'>quam</span> <span class='ocrx_word' id='word_1_24' title='bbox 1657 517 1793 565; x_wconf 90' lang='lat' dir='ltr'>soleo</span> <span class='ocrx_word' id='word_1_25' title='bbox 1813 520 1868 564; x_wconf 88' lang='lat' dir='ltr'>in</span> 
     </span>
     <span class='ocr_line' id='line_1_6' title="bbox 369 610 1867 674; baseline -0.003 -13"><span class='ocrx_word' id='word_1_26' title='bbox 369 617 530 661; x_wconf 89' lang='lat' dir='ltr'>causis</span> <span class='ocrx_word' id='word_1_27' title='bbox 576 613 865 667; x_wconf 87' lang='lat' dir='ltr'>maioribus,</span> <span class='ocrx_word' id='word_1_28' title='bbox 906 610 1052 658; x_wconf 87' lang='lat' dir='ltr'>huius</span> <span class='ocrx_word' id='word_1_29' title='bbox 1093 611 1230 658; x_wconf 88' lang='lat' dir='ltr'>modi</span> <span class='ocrx_word' id='word_1_30' title='bbox 1270 611 1526 674; x_wconf 91' lang='lat' dir='ltr'>quandam</span> <span class='ocrx_word' id='word_1_31' title='bbox 1566 613 1867 657; x_wconf 82' lang='lat' dir='ltr'>orationem²</span> 
     </span>
     <span class='ocr_line' id='line_1_7' title="bbox 370 701 1872 765; baseline -0.003 -13"><span class='ocrx_word' id='word_1_32' title='bbox 370 723 481 753; x_wconf 90' lang='lat' dir='ltr'>sum</span> <span class='ocrx_word' id='word_1_33' title='bbox 506 721 726 751; x_wconf 85' lang='lat' dir='ltr'>exorsus.</span> <span class='ocrx_word' id='word_1_34' title='bbox 785 702 813 719; x_wconf 91' lang='lat'><strong>“</strong></span> <span class='ocrx_word' id='word_1_35' title='bbox 841 703 949 759; x_wconf 87' lang='lat' dir='ltr'>Me,</span> <span class='ocrx_word' id='word_1_36' title='bbox 973 702 1172 758; x_wconf 78' lang='lat' dir='ltr'>Catule,</span> <span class='ocrx_word' id='word_1_37' title='bbox 1196 705 1356 749; x_wconf 85' lang='lat' dir='ltr'>oratio</span> <span class='ocrx_word' id='word_1_38' title='bbox 1381 701 1573 749; x_wconf 87' lang='lat' dir='ltr'>Luculli</span> <span class='ocrx_word' id='word_1_39' title='bbox 1599 702 1663 749; x_wconf 92' lang='lat' dir='ltr'>de</span> <span class='ocrx_word' id='word_1_40' title='bbox 1685 705 1795 765; x_wconf 89' lang='lat' dir='ltr'>ipsa</span> <span class='ocrx_word' id='word_1_41' title='bbox 1814 717 1872 749; x_wconf 88' lang='lat' dir='ltr'>re</span> 
     </span>
     <span class='ocr_line' id='line_1_8' title="bbox 370 791 1874 857; baseline -0.004 -13"><span class='ocrx_word' id='word_1_42' title='bbox 370 801 444 844; x_wconf 90' lang='lat' dir='ltr'>ita</span> <span class='ocrx_word' id='word_1_43' title='bbox 465 799 625 843; x_wconf 82' lang='lat' dir='ltr'>movit</span> <span class='ocrx_word' id='word_1_44' title='bbox 647 803 705 842; x_wconf 94' lang='lat' dir='ltr'>ut</span> <span class='ocrx_word' id='word_1_45' title='bbox 728 796 864 842; x_wconf 89' lang='lat' dir='ltr'>docti</span> <span class='ocrx_word' id='word_1_46' title='bbox 886 794 1101 841; x_wconf 89' lang='lat' dir='ltr'>hominis</span> <span class='ocrx_word' id='word_1_47' title='bbox 1126 801 1179 841; x_wconf 93' lang='lat' dir='ltr'>et</span> <span class='ocrx_word' id='word_1_48' title='bbox 1202 797 1387 857; x_wconf 85' lang='lat' dir='ltr'>copiosi</span> <span class='ocrx_word' id='word_1_49' title='bbox 1411 801 1466 841; x_wconf 92' lang='lat' dir='ltr'>et</span> <span class='ocrx_word' id='word_1_50' title='bbox 1486 796 1651 857; x_wconf 90' lang='lat' dir='ltr'>parati</span> <span class='ocrx_word' id='word_1_51' title='bbox 1676 801 1730 841; x_wconf 87' lang='lat' dir='ltr'>et</span> <span class='ocrx_word' id='word_1_52' title='bbox 1751 791 1874 840; x_wconf 87' lang='lat' dir='ltr'>nihil</span> 
     </span>
     <span class='ocr_line' id='line_1_9' title="bbox 372 885 1874 952; baseline -0.002 -17"><span class='ocrx_word' id='word_1_53' title='bbox 372 890 747 952; x_wconf 88' lang='lat' dir='ltr'>praetereuntis</span> <span class='ocrx_word' id='word_1_54' title='bbox 775 903 948 934; x_wconf 88' lang='lat' dir='ltr'>eorum</span> <span class='ocrx_word' id='word_1_55' title='bbox 973 902 1105 950; x_wconf 92' lang='lat' dir='ltr'>quae</span> <span class='ocrx_word' id='word_1_56' title='bbox 1130 903 1220 949; x_wconf 92' lang='lat' dir='ltr'>pro</span> <span class='ocrx_word' id='word_1_57' title='bbox 1244 885 1330 932; x_wconf 92' lang='lat' dir='ltr'>illa</span> <span class='ocrx_word' id='word_1_58' title='bbox 1353 902 1505 932; x_wconf 90' lang='lat' dir='ltr'>causa</span> <span class='ocrx_word' id='word_1_59' title='bbox 1528 886 1625 932; x_wconf 89' lang='lat' dir='ltr'>dici</span> <span class='ocrx_word' id='word_1_60' title='bbox 1649 892 1874 948; x_wconf 76' lang='lat' dir='ltr'><strong>possent,</strong></span> 
     </span>
     <span class='ocr_line' id='line_1_10' title="bbox 374 977 1874 1040; baseline -0.003 -13"><span class='ocrx_word' id='word_1_61' title='bbox 374 997 475 1027; x_wconf 91' lang='lat' dir='ltr'>non</span> <span class='ocrx_word' id='word_1_62' title='bbox 507 987 684 1027; x_wconf 89' lang='lat' dir='ltr'>tamen</span> <span class='ocrx_word' id='word_1_63' title='bbox 717 986 776 1026; x_wconf 92' lang='lat' dir='ltr'>ut</span> <span class='ocrx_word' id='word_1_64' title='bbox 810 981 856 1025; x_wconf 94' lang='lat' dir='ltr'>ei</span> <span class='ocrx_word' id='word_1_65' title='bbox 889 978 1196 1040; x_wconf 87' lang='lat' dir='ltr'>respondere</span> <span class='ocrx_word' id='word_1_66' title='bbox 1230 993 1378 1040; x_wconf 91' lang='lat' dir='ltr'>posse</span> <span class='ocrx_word' id='word_1_67' title='bbox 1412 977 1726 1034; x_wconf 84' lang='lat' dir='ltr'>diffiderem3</span> <span class='ocrx_word' id='word_1_68' title='bbox 1761 993 1874 1024; x_wconf 93' lang='lat' dir='ltr'>auc-</span> 
     </span>
     <span class='ocr_line' id='line_1_11' title="bbox 373 1069 1875 1132; baseline -0.003 -13"><span class='ocrx_word' id='word_1_69' title='bbox 373 1075 553 1120; x_wconf 80' lang='lat' dir='ltr'>toritas</span> <span class='ocrx_word' id='word_1_70' title='bbox 588 1078 763 1118; x_wconf 90' lang='lat' dir='ltr'>autem</span> <span class='ocrx_word' id='word_1_71' title='bbox 797 1077 945 1117; x_wconf 89' lang='lat' dir='ltr'>tanta</span> <span class='ocrx_word' id='word_1_72' title='bbox 977 1069 1127 1132; x_wconf 92' lang='lat' dir='ltr'>plane</span> <span class='ocrx_word' id='word_1_73' title='bbox 1161 1085 1244 1116; x_wconf 93' lang='lat' dir='ltr'>me</span> <span class='ocrx_word' id='word_1_74' title='bbox 1277 1070 1535 1125; x_wconf 90' lang='lat' dir='ltr'>movebat,</span> <span class='ocrx_word' id='word_1_75' title='bbox 1569 1072 1662 1116; x_wconf 89' lang='lat' dir='ltr'>nisi</span> <span class='ocrx_word' id='word_1_76' title='bbox 1696 1076 1755 1116; x_wconf 91' lang='lat' dir='ltr'>tu</span> <span class='ocrx_word' id='word_1_77' title='bbox 1788 1086 1875 1131; x_wconf 88' lang='lat' dir='ltr'>op-</span> 
     </span>
    </p>
   </div>
   <div class='ocr_carea' id='block_1_4' title="bbox 373 1161 1875 1227">
    <p class='ocr_par' dir='ltr' id='par_1_5' title="bbox 373 1161 1875 1227">
     <span class='ocr_line' id='line_1_12' title="bbox 373 1161 1875 1227; baseline -0.002 -16"><span class='ocrx_word' id='word_1_78' title='bbox 373 1167 623 1227; x_wconf 83' lang='lat' dir='ltr'>posuisses</span> <span class='ocrx_word' id='word_1_79' title='bbox 659 1179 760 1209; x_wconf 92' lang='lat' dir='ltr'>non</span> <span class='ocrx_word' id='word_1_80' title='bbox 796 1165 1041 1208; x_wconf 80' lang='lat' dir='ltr'>minorem</span> <span class='ocrx_word' id='word_1_81' title='bbox 1078 1168 1235 1208; x_wconf 89' lang='lat' dir='ltr'>tuam.</span> <span class='ocrx_word' id='word_1_82' title='bbox 1306 1161 1593 1224; x_wconf 80' lang='lat' dir='ltr'>Adgrediar</span> <span class='ocrx_word' id='word_1_83' title='bbox 1627 1164 1799 1225; x_wconf 90' lang='lat' dir='ltr'>igitur,</span> <span class='ocrx_word' id='word_1_84' title='bbox 1834 1163 1875 1208; x_wconf 92' lang='lat' dir='ltr'>si</span> 
     </span>
    </p>
   </div>
   <div class='ocr_carea' id='block_1_5' title="bbox 300 1252 1876 1319">
    <p class='ocr_par' dir='ltr' id='par_1_6' title="bbox 300 1252 1876 1319">
     <span class='ocr_line' id='line_1_13' title="bbox 300 1252 1876 1319; baseline -0.004 -14"><span class='ocrx_word' id='word_1_85' title='bbox 300 1266 354 1306; x_wconf 87' lang='lat'>65</span> <span class='ocrx_word' id='word_1_86' title='bbox 378 1272 540 1319; x_wconf 89' lang='lat' dir='ltr'>pauca</span> <span class='ocrx_word' id='word_1_87' title='bbox 567 1261 686 1301; x_wconf 90' lang='lat' dir='ltr'>ante</span> <span class='ocrx_word' id='word_1_88' title='bbox 714 1257 856 1317; x_wconf 88' lang='lat' dir='ltr'>quasi</span> <span class='ocrx_word' id='word_1_89' title='bbox 883 1254 947 1300; x_wconf 93' lang='lat' dir='ltr'>de</span> <span class='ocrx_word' id='word_1_90' title='bbox 973 1252 1111 1299; x_wconf 89' lang='lat' dir='ltr'>fama</span> <span class='ocrx_word' id='word_1_91' title='bbox 1136 1269 1253 1299; x_wconf 89' lang='lat' dir='ltr'>mea</span> <span class='ocrx_word' id='word_1_92' title='bbox 1278 1253 1467 1299; x_wconf 87' lang='lat' dir='ltr'>dixero.</span> <span class='ocrx_word' id='word_1_93' title='bbox 1536 1253 1647 1316; x_wconf 89' lang='lat' dir='ltr'>Ego</span> <span class='ocrx_word' id='word_1_94' title='bbox 1675 1254 1810 1300; x_wconf 84' lang='lat' dir='ltr'>enim</span> <span class='ocrx_word' id='word_1_95' title='bbox 1835 1255 1876 1299; x_wconf 91' lang='lat' dir='ltr'>si</span> 
     </span>
    </p>
   </div>
   <div class='ocr_carea' id='block_1_6' title="bbox 373 1344 1877 2325">
    <p class='ocr_par' dir='ltr' id='par_1_7' title="bbox 373 1344 1877 2325">
     <span class='ocr_line' id='line_1_14' title="bbox 375 1344 1875 1408; baseline -0.001 -14"><span class='ocrx_word' id='word_1_96' title='bbox 375 1354 465 1394; x_wconf 88' lang='lat' dir='ltr'>aut</span> <span class='ocrx_word' id='word_1_97' title='bbox 492 1349 837 1393; x_wconf 74' lang='lat' dir='ltr'>ostentatione</span> <span class='ocrx_word' id='word_1_98' title='bbox 865 1344 1033 1408; x_wconf 90' lang='lat' dir='ltr'>aliqua</span> <span class='ocrx_word' id='word_1_99' title='bbox 1060 1345 1309 1391; x_wconf 90' lang='lat' dir='ltr'>adductus</span> <span class='ocrx_word' id='word_1_100' title='bbox 1337 1351 1426 1391; x_wconf 93' lang='lat' dir='ltr'>aut</span> <span class='ocrx_word' id='word_1_101' title='bbox 1452 1345 1620 1391; x_wconf 90' lang='lat' dir='ltr'>studio</span> <span class='ocrx_word' id='word_1_102' title='bbox 1647 1345 1875 1392; x_wconf 89' lang='lat' dir='ltr'>certandi</span> 
     </span>
     <span class='ocr_line' id='line_1_15' title="bbox 375 1435 1876 1500; baseline -0.002 -14"><span class='ocrx_word' id='word_1_103' title='bbox 375 1439 439 1486; x_wconf 92' lang='lat' dir='ltr'>ad</span> <span class='ocrx_word' id='word_1_104' title='bbox 466 1437 596 1484; x_wconf 92' lang='lat' dir='ltr'>hanc</span> <span class='ocrx_word' id='word_1_105' title='bbox 624 1440 942 1500; x_wconf 92' lang='lat' dir='ltr'>potissimum</span> <span class='ocrx_word' id='word_1_106' title='bbox 971 1435 1339 1499; x_wconf 85' lang='lat' dir='ltr'>philosophiam</span> <span class='ocrx_word' id='word_1_107' title='bbox 1367 1452 1449 1482; x_wconf 90' lang='lat' dir='ltr'>me</span> <span class='ocrx_word' id='word_1_108' title='bbox 1480 1435 1746 1499; x_wconf 89' lang='lat' dir='ltr'>adplicavi,</span> <span class='ocrx_word' id='word_1_109' title='bbox 1775 1453 1876 1483; x_wconf 91' lang='lat' dir='ltr'>non</span> 
     </span>
     <span class='ocr_line' id='line_1_16' title="bbox 373 1528 1876 1578; baseline -0.003 0"><span class='ocrx_word' id='word_1_110' title='bbox 373 1530 523 1578; x_wconf 90' lang='lat' dir='ltr'>modo</span> <span class='ocrx_word' id='word_1_111' title='bbox 554 1529 824 1577; x_wconf 86' lang='lat' dir='ltr'>stultitiam</span> <span class='ocrx_word' id='word_1_112' title='bbox 855 1545 1023 1575; x_wconf 90' lang='lat' dir='ltr'>meam</span> <span class='ocrx_word' id='word_1_113' title='bbox 1057 1528 1147 1575; x_wconf 90' lang='lat' dir='ltr'>sed</span> <span class='ocrx_word' id='word_1_114' title='bbox 1181 1531 1337 1574; x_wconf 90' lang='lat' dir='ltr'>etiam</span> <span class='ocrx_word' id='word_1_115' title='bbox 1361 1544 1526 1575; x_wconf 90' lang='lat' dir='ltr'>mores</span> <span class='ocrx_word' id='word_1_116' title='bbox 1557 1534 1612 1575; x_wconf 90' lang='lat' dir='ltr'>et</span> <span class='ocrx_word' id='word_1_117' title='bbox 1640 1535 1876 1575; x_wconf 87' lang='lat' dir='ltr'>naturam</span> 
     </span>
     <span class='ocr_line' id='line_1_17' title="bbox 375 1619 1877 1683; baseline -0.003 -13"><span class='ocrx_word' id='word_1_118' title='bbox 375 1621 813 1670; x_wconf 86' lang='lat' dir='ltr'>condemnandam</span> <span class='ocrx_word' id='word_1_119' title='bbox 837 1627 978 1683; x_wconf 91' lang='lat' dir='ltr'>puto.</span> <span class='ocrx_word' id='word_1_120' title='bbox 1049 1619 1180 1665; x_wconf 91' lang='lat' dir='ltr'>Nam</span> <span class='ocrx_word' id='word_1_121' title='bbox 1205 1622 1244 1666; x_wconf 89' lang='lat' dir='ltr'>si</span> <span class='ocrx_word' id='word_1_122' title='bbox 1269 1622 1323 1665; x_wconf 90' lang='lat' dir='ltr'>in</span> <span class='ocrx_word' id='word_1_123' title='bbox 1347 1622 1566 1666; x_wconf 90' lang='lat' dir='ltr'>minimis</span> <span class='ocrx_word' id='word_1_124' title='bbox 1589 1620 1740 1666; x_wconf 90' lang='lat' dir='ltr'>rebus</span> <span class='ocrx_word' id='word_1_125' title='bbox 1763 1635 1877 1683; x_wconf 88' lang='lat' dir='ltr'>per·</span> 
     </span>
     <span class='ocr_line' id='line_1_18' title="bbox 377 1710 1877 1776; baseline -0.001 -16"><span class='ocrx_word' id='word_1_126' title='bbox 377 1716 563 1761; x_wconf 86' lang='lat' dir='ltr'>tinacia</span> <span class='ocrx_word' id='word_1_127' title='bbox 586 1711 993 1775; x_wconf 79' lang='lat' dir='ltr'>reprehenditur,</span> <span class='ocrx_word' id='word_1_128' title='bbox 1019 1710 1270 1757; x_wconf 88' lang='lat' dir='ltr'>calumnia</span> <span class='ocrx_word' id='word_1_129' title='bbox 1296 1714 1451 1758; x_wconf 87' lang='lat' dir='ltr'>etiam</span> <span class='ocrx_word' id='word_1_130' title='bbox 1476 1716 1754 1767; x_wconf 71' lang='lat' dir='ltr'>coercetur,</span> <span class='ocrx_word' id='word_1_131' title='bbox 1780 1727 1877 1776; x_wconf 89' lang='lat' dir='ltr'>ego</span> 
     </span>
     <span class='ocr_line' id='line_1_19' title="bbox 376 1802 1876 1866; baseline -0.002 -14"><span class='ocrx_word' id='word_1_132' title='bbox 376 1805 440 1853; x_wconf 90' lang='lat' dir='ltr'>de</span> <span class='ocrx_word' id='word_1_133' title='bbox 481 1807 616 1851; x_wconf 90' lang='lat' dir='ltr'>omni</span> <span class='ocrx_word' id='word_1_134' title='bbox 655 1810 795 1850; x_wconf 90' lang='lat' dir='ltr'>statu</span> <span class='ocrx_word' id='word_1_135' title='bbox 834 1802 1140 1866; x_wconf 86' lang='lat' dir='ltr'>consilioque</span> <span class='ocrx_word' id='word_1_136' title='bbox 1180 1806 1338 1850; x_wconf 89' lang='lat' dir='ltr'>totius</span> <span class='ocrx_word' id='word_1_137' title='bbox 1377 1805 1512 1849; x_wconf 92' lang='lat' dir='ltr'>vitae</span> <span class='ocrx_word' id='word_1_138' title='bbox 1553 1810 1642 1850; x_wconf 90' lang='lat' dir='ltr'>aut</span> <span class='ocrx_word' id='word_1_139' title='bbox 1679 1810 1876 1850; x_wconf 87' lang='lat' dir='ltr'>certare</span> 
     </span>
     <span class='ocr_line' id='line_1_20' title="bbox 378 1893 1876 1959; baseline -0.001 -15"><span class='ocrx_word' id='word_1_140' title='bbox 378 1913 493 1944; x_wconf 90' lang='lat' dir='ltr'>cum</span> <span class='ocrx_word' id='word_1_141' title='bbox 539 1895 644 1942; x_wconf 90' lang='lat' dir='ltr'>aliis</span> <span class='ocrx_word' id='word_1_142' title='bbox 688 1898 989 1959; x_wconf 85' lang='lat' dir='ltr'>pugnaciter</span> <span class='ocrx_word' id='word_1_143' title='bbox 1035 1901 1124 1941; x_wconf 92' lang='lat' dir='ltr'>aut</span> <span class='ocrx_word' id='word_1_144' title='bbox 1167 1893 1397 1941; x_wconf 87' lang='lat' dir='ltr'>frustrari</span> <span class='ocrx_word' id='word_1_145' title='bbox 1441 1911 1555 1941; x_wconf 89' lang='lat' dir='ltr'>cum</span> <span class='ocrx_word' id='word_1_146' title='bbox 1601 1893 1721 1942; x_wconf 90' lang='lat' dir='ltr'>alios</span> <span class='ocrx_word' id='word_1_147' title='bbox 1765 1902 1876 1942; x_wconf 87' lang='lat' dir='ltr'>tum</span> 
     </span>
     <span class='ocr_line' id='line_1_21' title="bbox 377 1986 1875 2050; baseline -0.002 -15"><span class='ocrx_word' id='word_1_148' title='bbox 377 1991 533 2036; x_wconf 87' lang='lat' dir='ltr'>etiam</span> <span class='ocrx_word' id='word_1_149' title='bbox 559 2004 642 2034; x_wconf 89' lang='lat' dir='ltr'>me</span> <span class='ocrx_word' id='word_1_150' title='bbox 667 1990 832 2050; x_wconf 89' lang='lat' dir='ltr'>ipsum</span> <span class='ocrx_word' id='word_1_151' title='bbox 860 1986 1009 2033; x_wconf 86' lang='lat' dir='ltr'>velim</span> <span class='ocrx_word' id='word_1_152' title='bbox 1033 1987 1051 2032; x_wconf 91' lang='lat'>?</span> <span class='ocrx_word' id='word_1_153' title='bbox 1123 1986 1324 2049; x_wconf 88' lang='lat' dir='ltr'>Itaque,</span> <span class='ocrx_word' id='word_1_154' title='bbox 1351 1989 1444 2032; x_wconf 92' lang='lat' dir='ltr'>nisi</span> <span class='ocrx_word' id='word_1_155' title='bbox 1470 1989 1702 2049; x_wconf 91' lang='lat' dir='ltr'>ineptum</span> <span class='ocrx_word' id='word_1_156' title='bbox 1727 1993 1875 2049; x_wconf 87' lang='lat' dir='ltr'>puta-</span> 
     </span>
     <span class='ocr_line' id='line_1_22' title="bbox 374 2076 1875 2141; baseline -0.002 -14"><span class='ocrx_word' id='word_1_157' title='bbox 374 2095 483 2127; x_wconf 89' lang='lat' dir='ltr'>rem</span> <span class='ocrx_word' id='word_1_158' title='bbox 515 2082 567 2125; x_wconf 91' lang='lat' dir='ltr'>in</span> <span class='ocrx_word' id='word_1_159' title='bbox 604 2077 693 2126; x_wconf 89' lang='lat' dir='ltr'>tali</span> <span class='ocrx_word' id='word_1_160' title='bbox 728 2079 1072 2141; x_wconf 87' lang='lat' dir='ltr'>disputatione</span> <span class='ocrx_word' id='word_1_161' title='bbox 1113 2078 1165 2124; x_wconf 93' lang='lat' dir='ltr'>id</span> <span class='ocrx_word' id='word_1_162' title='bbox 1198 2076 1365 2124; x_wconf 86' lang='lat' dir='ltr'>facere</span> <span class='ocrx_word' id='word_1_163' title='bbox 1399 2077 1535 2140; x_wconf 92' lang='lat' dir='ltr'>quod</span> <span class='ocrx_word' id='word_1_164' title='bbox 1575 2094 1690 2124; x_wconf 90' lang='lat' dir='ltr'>cum</span> <span class='ocrx_word' id='word_1_165' title='bbox 1723 2077 1788 2125; x_wconf 88' lang='lat' dir='ltr'>de</span> <span class='ocrx_word' id='word_1_166' title='bbox 1820 2093 1875 2124; x_wconf 88' lang='lat' dir='ltr'>re</span> 
     </span>
     <span class='ocr_line' id='line_1_23' title="bbox 375 2168 1874 2235; baseline -0.001 -18"><span class='ocrx_word' id='word_1_167' title='bbox 375 2170 576 2235; x_wconf 91' lang='lat' dir='ltr'>publica</span> <span class='ocrx_word' id='word_1_168' title='bbox 603 2170 917 2232; x_wconf 80' lang='lat' dir='ltr'>disceptatur</span> <span class='ocrx_word' id='word_1_169' title='bbox 946 2170 1053 2215; x_wconf 90' lang='lat' dir='ltr'>fieri</span> <span class='ocrx_word' id='word_1_170' title='bbox 1079 2169 1336 2216; x_wconf 90' lang='lat' dir='ltr'>interdum</span> <span class='ocrx_word' id='word_1_171' title='bbox 1365 2168 1510 2225; x_wconf 90' lang='lat' dir='ltr'>solet,</span> <span class='ocrx_word' id='word_1_172' title='bbox 1539 2171 1756 2216; x_wconf 88' lang='lat' dir='ltr'>iurarem</span> <span class='ocrx_word' id='word_1_173' title='bbox 1782 2185 1874 2232; x_wconf 90' lang='lat' dir='ltr'>per</span> 
     </span>
     <span class='ocr_line' id='line_1_24' title="bbox 377 2260 1868 2325; baseline -0.003 -15"><span class='ocrx_word' id='word_1_174' title='bbox 377 2262 550 2310; x_wconf 91' lang='lat' dir='ltr'>Iovem</span> <span class='ocrx_word' id='word_1_175' title='bbox 592 2262 816 2325; x_wconf 89' lang='lat' dir='ltr'>deosque</span> <span class='ocrx_word' id='word_1_176' title='bbox 858 2268 1072 2324; x_wconf 88' lang='lat' dir='ltr'>penates</span> <span class='ocrx_word' id='word_1_177' title='bbox 1114 2276 1197 2308; x_wconf 90' lang='lat' dir='ltr'>me</span> <span class='ocrx_word' id='word_1_178' title='bbox 1240 2267 1294 2307; x_wconf 90' lang='lat' dir='ltr'>et</span> <span class='ocrx_word' id='word_1_179' title='bbox 1337 2260 1513 2307; x_wconf 88' lang='lat' dir='ltr'>ardere</span> <span class='ocrx_word' id='word_1_180' title='bbox 1556 2260 1723 2308; x_wconf 90' lang='lat' dir='ltr'>studio</span> <span class='ocrx_word' id='word_1_181' title='bbox 1765 2263 1868 2307; x_wconf 89' lang='lat' dir='ltr'>veri</span> 
     </span>
    </p>
   </div>
   <div class='ocr_carea' id='block_1_7' title="bbox 297 2351 1869 2416">
    <p class='ocr_par' dir='ltr' id='par_1_8' title="bbox 297 2351 1869 2416">
     <span class='ocr_line' id='line_1_25' title="bbox 297 2351 1869 2416; baseline -0.002 -16"><span class='ocrx_word' id='word_1_182' title='bbox 297 2361 351 2401; x_wconf 83' lang='grc'>66</span> <span class='ocrx_word' id='word_1_183' title='bbox 375 2353 660 2416; x_wconf 89' lang='lat' dir='ltr'>reperiendi</span> <span class='ocrx_word' id='word_1_184' title='bbox 700 2360 754 2399; x_wconf 91' lang='lat' dir='ltr'>et</span> <span class='ocrx_word' id='word_1_185' title='bbox 793 2368 855 2399; x_wconf 91' lang='lat' dir='ltr'>ea</span> <span class='ocrx_word' id='word_1_186' title='bbox 893 2355 1081 2399; x_wconf 89' lang='lat' dir='ltr'>sentire</span> <span class='ocrx_word' id='word_1_187' title='bbox 1121 2367 1252 2415; x_wconf 91' lang='lat' dir='ltr'>quae</span> <span class='ocrx_word' id='word_1_188' title='bbox 1292 2352 1526 2398; x_wconf 87' lang='lat' dir='ltr'>dicerem.</span> <span class='ocrx_word' id='word_1_189' title='bbox 1596 2351 1696 2410; x_wconf 81' lang='lat' dir='ltr'>Qui</span> <span class='ocrx_word' id='word_1_190' title='bbox 1735 2354 1869 2398; x_wconf 92' lang='lat' dir='ltr'>enim</span> 
     </span>
    </p>
   </div>
   <div class='ocr_carea' id='block_1_8' title="bbox 373 2442 1867 2509">
    <p class='ocr_par' dir='ltr' id='par_1_9' title="bbox 373 2442 1867 2509">
     <span class='ocr_line' id='line_1_26' title="bbox 373 2442 1867 2509; baseline -0.001 -17"><span class='ocrx_word' id='word_1_191' title='bbox 373 2461 578 2509; x_wconf 90' lang='lat' dir='ltr'>possum</span> <span class='ocrx_word' id='word_1_192' title='bbox 604 2460 704 2490; x_wconf 93' lang='lat' dir='ltr'>non</span> <span class='ocrx_word' id='word_1_193' title='bbox 731 2460 915 2506; x_wconf 87' lang='lat' dir='ltr'>cupere</span> <span class='ocrx_word' id='word_1_194' title='bbox 942 2459 1117 2490; x_wconf 87' lang='lat' dir='ltr'>verum</span> <span class='ocrx_word' id='word_1_195' title='bbox 1142 2446 1385 2498; x_wconf 79' lang='lat' dir='ltr'>invenire,</span> <span class='ocrx_word' id='word_1_196' title='bbox 1411 2459 1526 2489; x_wconf 91' lang='lat' dir='ltr'>cum</span> <span class='ocrx_word' id='word_1_197' title='bbox 1551 2442 1803 2507; x_wconf 88' lang='lat' dir='ltr'>gaudeam</span> <span class='ocrx_word' id='word_1_198' title='bbox 1829 2445 1867 2490; x_wconf 90' lang='lat' dir='ltr'>si</span> 
     </span>
    </p>
   </div>
   <div class='ocr_carea' id='block_1_9' title="bbox 378 2551 1593 2665">
    <p class='ocr_par' dir='ltr' id='par_1_10' title="bbox 378 2551 1593 2665">
     <span class='ocr_line' id='line_1_27' title="bbox 691 2551 1593 2605; baseline 0.001 -13"><span class='ocrx_word' id='word_1_199' title='bbox 691 2551 707 2577; x_wconf 82' lang='lat'>¹</span> <span class='ocrx_word' id='word_1_200' title='bbox 736 2551 1004 2593; x_wconf 72' lang='lat' dir='ltr'>Lambinus:</span> <span class='ocrx_word' id='word_1_201' title='bbox 1036 2551 1233 2605; x_wconf 88' lang='lat' dir='ltr'>quadam</span> <span class='ocrx_word' id='word_1_202' title='bbox 1254 2553 1453 2592; x_wconf 88' lang='lat' dir='ltr'>oratione</span> <span class='ocrx_word' id='word_1_203' title='bbox 1470 2551 1593 2593; x_wconf 79' lang='lat' dir='ltr'>codd.</span> 
     </span>
     <span class='ocr_line' id='line_1_28' title="bbox 378 2622 470 2665; baseline -0.011 0"><span class='ocrx_word' id='word_1_204' title='bbox 378 2622 470 2665; x_wconf 83' lang='lat'>548</span> 
     </span>
    </p>
   </div>
  </div>
 </body>
</html>
