1919 3006
957 193 1208 242 CICERO

337 324 488 372 Musa
509 332 674 372 matre
696 327 821 380 nati,
843 327 936 370 nisi
958 322 1090 371 forte
1112 327 1415 371 maritumae
1437 327 1647 386 nuptiae
1667 330 1826 372 terre-

334 406 410 449 nis
443 409 837 465 anteponuntur.
908 400 958 448 Si
983 400 1034 447 hi
1059 402 1110 449 di
1135 418 1237 448 non
1261 408 1397 458 sunt,
1428 404 1546 464 quia
1575 417 1826 464 nusquam

255 486 311 526 46
335 480 584 536 coluntur,
604 497 704 543 quo
719 479 869 526 modo
893 478 963 525 illi
983 479 1139 526 sunt?
1206 478 1335 526 Vide
1359 481 1515 542 igitur
1538 495 1603 526 ne
1628 480 1826 525 virtuti-

332 558 424 604 bus
449 557 709 604 hominum
731 560 815 604 isti
843 555 1058 604 honores
1082 555 1385 612 habeantur,
1409 573 1510 603 non
1531 555 1826 603 immortali-

333 636 524 682 tatibus
545 651 557 690 3
593 635 729 698 quod
744 641 803 682 tu
821 650 1041 698 quoque,
1059 633 1234 690 Balbe,
1253 637 1382 680 visus
1402 650 1454 680 es
1472 634 1655 681 dicere.
1712 632 1826 692 Quo

333 713 483 760 modo
505 720 679 759 autem
698 719 863 775 potes,
883 715 924 759 si
945 711 1196 758 Latonam
1217 712 1367 759 deam
1385 719 1554 775 putas,
1574 711 1827 758 Hecatam

334 806 435 836 non
456 797 656 852 putare,
679 806 811 853 quae
832 796 997 836 matre
1019 790 1223 836 Asteria
1246 796 1340 845 est,
1363 806 1530 836 sorore
1553 788 1783 836 Latonae
1805 787 1825 835 ?

335 867 419 913 An
451 865 578 914 haec
613 883 816 931 quoque
851 867 949 914 dea
984 867 1103 914 est?
1155 867 1368 914 fidimus
1404 870 1539 914 enim
1574 869 1680 913 eius
1715 881 1825 913 aras

336 944 649 1008 delubraque
682 949 735 992 in
769 945 996 992 Graecia.
1067 943 1153 991 Sin
1188 944 1315 992 haec
1347 945 1444 992 dea
1478 951 1573 1001 est,
1606 961 1694 991 cur
1724 959 1826 990 non

334 1022 643 1070 Eumenides
668 1023 686 1069 ?
755 1022 900 1082 Quae
922 1026 962 1070 si
983 1023 1111 1070 deae
1133 1030 1269 1079 sunt,
1291 1039 1505 1086 quarum
1530 1029 1585 1070 et
1608 1021 1825 1069 Athenis

334 1099 510 1147 fanum
531 1108 608 1147 est
629 1107 682 1147 et
703 1101 838 1163 apud
857 1117 964 1155 nos,
984 1107 1043 1147 ut
1063 1117 1158 1164 ego
1177 1104 1502 1163 interpretor,
1520 1099 1660 1147 lucus
1687 1099 1826 1146 Furi-

333 1195 448 1234 nae,
470 1179 651 1225 Furiae
673 1179 801 1226 deae
823 1186 959 1235 sunt,
981 1178 1336 1241 speculatrices
1358 1179 1508 1226 credo
1531 1185 1585 1225 et
1605 1177 1826 1224 vindices

255 1262 309 1301 47
331 1254 608 1303 facinorum
632 1263 685 1303 et
706 1255 921 1303 sceleris.
992 1256 1181 1315 Quodsi
1204 1255 1332 1303 tales
1355 1256 1437 1303 dei
1459 1262 1578 1303 sunt
1597 1262 1657 1303 ut
1675 1255 1827 1302 rebus

335 1332 567 1381 humanis
591 1337 845 1390 intersint,
866 1333 1019 1381 Natio
1040 1351 1242 1398 quoque
1262 1334 1359 1381 dea
1382 1334 1611 1397 putanda
1631 1339 1727 1389 est,
1746 1334 1826 1379 cui

335 1428 450 1458 cum
481 1410 601 1458 fana
633 1415 949 1459 circumimus
981 1415 1034 1458 in
1066 1429 1186 1476 agro
1219 1412 1434 1460 Ardeati
1464 1428 1574 1459 rem
1605 1411 1826 1458 divinam

334 1487 501 1536 facere
519 1489 735 1536 solemus
749 1505 760 1546 3
781 1506 912 1553 quae
924 1492 1042 1554 quia
1057 1497 1232 1553 partus
1243 1497 1589 1538 matronarum
1599 1492 1826 1536 tueatur²

335 1583 365 1613 a
392 1568 716 1614 nascentibus
743 1567 895 1614 Natio
921 1571 1182 1615 nominata
1207 1574 1300 1616 est.
1368 1568 1445 1615 Ea
1469 1570 1510 1615 si
1534 1567 1631 1615 dea
1656 1573 1751 1622 est,
1775 1565 1826 1613 di

334 1661 508 1692 omnes
539 1645 604 1691 illi
638 1649 723 1708 qui
754 1647 1281 1693 commemorabantur
1311 1662 1341 1693 a
1369 1653 1441 1702 te,
1472 1645 1645 1692 Honos
1676 1644 1825 1691 Fides

336 1721 486 1769 Mens
514 1722 808 1780 Concordia,
835 1740 955 1788 ergo
982 1727 1138 1770 etiam
1163 1722 1287 1787 Spes
1315 1723 1531 1771 Moneta
1556 1725 1826 1785 omniaque

334 1816 465 1862 quae
509 1804 818 1864 cogitatione
859 1802 1114 1849 nobismet
1155 1805 1269 1865 ipsi2
1311 1818 1574 1865 possumus
1615 1800 1822 1864 fingere.

334 1876 484 1936 Quod
507 1881 548 1924 si
572 1882 676 1925 veri
700 1878 860 1926 simile
884 1896 984 1926 non
1012 1886 1106 1935 est,
1131 1896 1195 1926 ne
1219 1879 1342 1927 illud
1367 1879 1573 1943 quidem
1597 1884 1676 1925 est
1698 1876 1825 1924 haec

333 1955 467 2002 unde
498 1955 769 2004 fluxerunt.
838 1957 978 2003 XIX.
1017 1957 1151 2016 Quid
1183 1965 1357 2004 autem
1387 1958 1525 2013 dicis,
1555 1959 1596 2004 si
1625 1956 1677 2003 di
1706 1961 1825 2002 sunt

333 2031 402 2078 illi
442 2049 565 2096 quos
606 2034 812 2082 colimus
853 2042 907 2082 et
947 2039 1248 2098 accepimus,
1287 2052 1374 2082 cur
1412 2051 1513 2082 non
1553 2034 1734 2082 eodem
1771 2037 1823 2079 in

332 2126 522 2173 genere
580 2110 808 2174 Serapim
867 2112 1090 2176 Isimque
1147 2129 1470 2160 numeremus
1494 2112 1513 2158 ?
1590 2111 1726 2175 quod
1780 2112 1822 2158 si

332 2186 560 2245 facimus,
594 2206 681 2236 cur
713 2190 1042 2237 barbarorum
1075 2190 1196 2238 deos
1229 2189 1595 2253 repudiemus?
1661 2188 1821 2236 Boves

505 2318 522 2342 ²
551 2322 699 2360 tuetur
718 2319 759 2360 B
778 2333 888 2361 corr.
1101 2319 1117 2344 ²
1145 2321 1229 2373 ipsi
1248 2319 1440 2361 Davies:
1472 2321 1591 2372 ipsis.

396 2450 415 2469 ‘²
444 2444 584 2487 There
605 2459 693 2487 was
714 2460 742 2486 a
761 2446 924 2498 special
945 2446 1136 2498 worship
1163 2447 1215 2487 of
1235 2446 1389 2488 Venus
1409 2451 1456 2488 at
1484 2446 1647 2495 Ardea,
1669 2460 1726 2488 an
1746 2445 1821 2488 old

342 2498 474 2539 Latin
508 2502 597 2552 city
627 2513 736 2541 once
770 2503 1014 2553 important
1047 2501 1128 2541 but
1161 2500 1268 2554 long
1302 2501 1452 2542 before
1489 2500 1681 2543 Cicero’s
1714 2503 1822 2544 time

337 2553 651 2606 insignificant.

337 2621 434 2664 330
