1919 3006
928 207 1182 256 CICERO

304 350 414 381 esse
434 335 625 382 dictum
646 335 782 398 quod
800 334 927 381 haec
947 342 1082 382 esset
1097 352 1199 381 una
1218 339 1400 382 omnis¹
1418 339 1686 398 sapientia,
1701 353 1802 383 non

304 403 535 448 arbitrari
572 418 625 448 se
662 406 788 448 scire
824 403 961 465 quod
996 406 1204 449 nesciat.
1277 402 1422 461 Quae
1459 420 1573 450 cum
1609 404 1803 451 diceret

303 477 595 516 constanter
621 476 675 516 et
697 473 750 516 in
775 485 836 516 ea
859 473 1117 516 sententia
1141 477 1484 532 permaneret,
1509 474 1669 517 omnis
1696 474 1802 518 eius

304 540 464 583 oratio
501 542 696 583 tamen²
732 539 785 583 in
821 540 1011 583 virtute
1047 537 1303 584 laudanda
1341 544 1395 584 et
1434 541 1486 584 in
1517 537 1803 585 hominibus

303 604 367 650 ad
419 607 617 650 virtutis
665 604 889 651 studium
937 604 1256 651 cohortandis
1294 605 1703 661 consumebatur,
1745 612 1804 652 ut

304 687 331 716 e
369 669 735 717 Socraticorum
776 671 913 717 libris
951 675 1276 734 maximeque
1313 671 1536 718 Platonis
1572 672 1802 736 intellegi

229 748 278 786 17
304 745 490 799 potest.
567 737 790 784 Platonis
833 745 1008 785 autem
1050 742 1373 795 auctoritate,
1415 743 1502 802 qui
1541 742 1707 786 varius
1750 746 1804 786 et

300 805 568 867 multiplex
594 812 647 852 et
670 809 897 867 copiosus
921 805 1036 861 fuit,
1060 823 1162 852 una
1185 813 1239 852 et
1261 810 1582 853 consentiens
1605 806 1802 854 duobus

303 872 554 919 vocabulis
582 872 929 935 philosophiae
956 872 1119 919 forma
1145 876 1382 920 instituta
1411 881 1506 930 est,
1534 874 1802 921 Academi-

303 956 474 986 corum
520 946 574 986 et
617 939 1091 1002 Peripateticorum,
1137 944 1223 1004 qui
1266 942 1416 987 rebus
1462 947 1801 1005 congruentes

301 1007 586 1053 nominibus
608 1006 912 1054 differebant
936 1023 947 1063 3
987 1025 1106 1054 nam
1127 1024 1242 1054 cum
1263 1007 1602 1071 Speusippum
1622 1012 1801 1055 sororis

302 1074 459 1121 filium
491 1074 637 1121 Plato
668 1074 1015 1137 philosophiae
1048 1079 1191 1138 quasi
1221 1075 1466 1122 heredem
1495 1076 1802 1139 reliquisset,

301 1142 425 1188 duos
465 1149 640 1188 autem
676 1145 1113 1204 praestantissimo
1151 1143 1319 1189 studio
1359 1150 1516 1206 atque
1553 1143 1799 1199 doctrina,

300 1208 642 1256 Xenocratem
663 1209 1057 1256 Calchedonium
1080 1217 1133 1256 et
1152 1210 1484 1257 Aristotelem
1504 1209 1801 1274 Stagiriten,

300 1280 386 1339 qui
415 1284 560 1323 erant
587 1293 701 1323 cum
727 1277 1006 1323 Aristotele
1034 1277 1362 1340 Peripatetici
1389 1278 1510 1325 dicti
1538 1285 1657 1324 sunt
1683 1281 1803 1340 quia.

300 1344 633 1406 disputabant
655 1345 1030 1391 inambulantes
1062 1348 1115 1390 in
1149 1344 1322 1408 Lycio,
1345 1345 1416 1391 illi
1452 1352 1628 1392 autem
1663 1348 1802 1408 quia³

300 1410 524 1458 Platonis
567 1414 804 1458 instituto
847 1415 899 1458 in
941 1413 1237 1468 Academia,
1281 1413 1418 1476 quod
1462 1419 1541 1459 est
1584 1412 1801 1459 alterum

299 1482 637 1541 gymnasium,
661 1486 835 1525 coetus
861 1486 1007 1525 erant
1031 1486 1084 1526 et
1106 1496 1362 1526 sermones
1385 1479 1575 1526 habere
1598 1479 1750 1535 soliti,
1774 1495 1803 1527 e

296 1545 391 1592 loci
407 1546 649 1592 vocabulo
668 1563 854 1593 nomen
871 1546 1175 1593 habuerunt.
1229 1546 1329 1594 Sed
1349 1550 1553 1610 utrique
1572 1546 1799 1594 Platonis

299 1614 539 1660 ubertate
557 1614 797 1676 completi
815 1621 1008 1660 certam
1027 1614 1283 1677 quandam
1301 1615 1593 1676 disciplinae
1611 1613 1799 1661 formu-

296 1679 398 1726 lam
428 1688 821 1743 composuerunt
852 1688 905 1727 et
937 1697 1050 1728 eam
1081 1682 1287 1745 quidem
1317 1681 1522 1744 plenam
1553 1698 1611 1728 ac
1639 1680 1797 1728 refer-

296 1754 422 1803 tam,
445 1748 582 1794 illam
605 1755 779 1794 autem
803 1747 1110 1795 Socraticam
1133 1749 1450 1796 dubitanter⁴
1475 1749 1539 1796 de
1562 1749 1794 1795 omnibus

295 1815 446 1861 rebus
480 1822 533 1862 et
563 1815 700 1862 nulla
732 1815 1083 1862 adfirmatione
1116 1815 1345 1863 adhibita
1374 1816 1795 1863 consuetudinem

297 1882 575 1929 disserendi
606 1883 937 1946 reliquerunt.
1006 1883 1088 1930 Ita
1120 1882 1257 1930 facta
1291 1890 1385 1939 est,
1419 1883 1556 1946 quod
1585 1886 1794 1930 minime

296 1948 526 1996 Socrates
543 1951 811 2012 probabat,
830 1967 907 1997 ars
926 1951 1179 2013 quaedam
1194 1950 1541 2014 philosophiae
1559 1957 1613 1997 et
1624 1966 1794 1997 rerum

220 2025 272 2066 18
297 2017 418 2064 ordo
462 2024 516 2064 et
552 2018 822 2080 descriptio
859 2018 1167 2080 disciplinae.
1244 2017 1390 2076 Quae
1433 2017 1640 2082 quidem
1683 2024 1793 2064 erat

433 2104 449 2128 ²
479 2104 670 2145 hominis
690 2104 945 2146 Lambinus.
1167 2105 1183 2129 ²
1215 2104 1405 2146 Gruter:
1436 2109 1530 2145 tam
1551 2105 1675 2146 codd.

656 2159 674 2184 ³
704 2160 811 2211 quia
830 2161 850 2200 ἒ
868 2158 985 2199 Reid
1003 2175 1013 2199 ε
1045 2160 1123 2211 qui
1142 2172 1185 2206 a,
1205 2161 1283 2211 qui
1301 2159 1426 2199 codd.

523 2213 542 2237 ⁴
570 2212 752 2254 Baiter:
783 2212 1080 2261 dubitantem,
1100 2212 1425 2254 dubitationem
1446 2213 1571 2254 codd.

352 2302 371 2322 ‘²
401 2297 542 2345 Plato,
563 2298 782 2349 Apologus,
803 2301 852 2338 21
881 2313 923 2339 A.

351 2350 367 2376 δ
397 2351 550 2392 Cicero
571 2353 605 2392 is
626 2352 895 2404 translating
919 2355 1117 2402 διάδοχος.

296 2458 332 2499 Β
354 2410 370 2429 ⁶
398 2406 576 2499 Αἳῑᾶἷίῗ
606 2410 814 2447 entrance
856 2411 902 2446 ω
943 2407 1018 2447 '³¹¹³
1043 2406 1087 2484 aB
1091 2418 1170 2500 3⁸1¹?
1174 2403 1479 2499 ‘ssffiszo'ss‘issrcli'
1492 2406 1713 2500 ffifiz’gfffi
1739 2408 1787 2448 '⁵⁰

337 2473 503 2553 §2221quss
555 2490 732 2553 famous
787 2513 1013 2554 Athenian
1067 2514 1355 2565 gymnasium
1408 2512 1498 2553 had
1550 2525 1579 2553 a
1632 2489 1786 2554 much·

290 2565 554 2618 frequented
570 2568 796 2619 peripatos
817 2581 866 2608 or
885 2567 1169 2620 promenade.

292 2631 387 2679 426
