1853 3001
881 177 1132 226 CICERO

261 327 362 358 non
391 308 551 358 solum
583 311 780 356 ratione
806 308 931 355 fiant
956 309 1046 356 sed
1072 311 1227 356 etiam
1262 308 1530 356 excellenti
1563 309 1751 357 divina-

260 403 359 450 que
385 388 581 432 ratione
605 384 623 430 ?

181 469 237 510 98
326 469 355 490 “
377 460 522 507 Licet
565 461 700 506 enim
741 461 844 505 iam
884 465 1083 506 remota
1131 458 1416 506 subtilitate
1459 459 1750 522 disputandi

260 535 413 583 oculis
467 535 687 598 quodam
737 533 889 581 modo
941 533 1273 596 contemplari
1324 532 1751 597 pulchritudinem

258 628 427 659 rerum
453 627 627 657 earum
652 626 775 672 quas
799 609 969 656 divina
992 609 1311 671 providentia
1335 610 1544 657 dicimus
1570 613 1753 657 consti-

259 695 413 734 tutas.
475 685 714 732 XXXIX.
743 685 818 731 Ac
833 687 1077 747 principio
1093 691 1229 731 terra
1245 687 1478 731 universa
1497 691 1752 742 cernatur,

261 762 426 809 locata
465 765 518 807 in
557 760 728 807 media
767 760 890 807 sede
930 759 1123 815 mundi,
1160 759 1318 806 solida
1361 766 1414 807 et
1454 759 1663 824 globosa
1699 766 1753 808 et

261 837 485 900 undique
511 839 620 898 ipsa
644 838 698 881 in
723 850 833 881 sese
860 835 1067 881 nutibus
1093 837 1193 881 suis
1221 834 1540 898 conglobata,
1566 837 1753 882 vestita

260 913 462 960 floribus
497 910 666 958 herbis
703 910 962 957 arboribus
997 909 1243 973 frugibus,
1279 927 1493 973 quorum
1527 914 1752 957 omnium

259 985 563 1035 incredibilis
594 984 870 1032 multitudo
902 984 1174 1031 insatiabili
1206 988 1455 1032 varietate
1487 985 1753 1049 distingui-

259 1070 356 1111 tur.
426 1061 575 1109 Adde
592 1060 690 1107 huc
707 1059 924 1107 fontium
941 1059 1132 1124 gelidas
1150 1063 1517 1123 perennitates,
1532 1059 1751 1123 liquores

258 1137 539 1202 perlucidos
590 1139 831 1192 amnium,
879 1138 1102 1199 riparum
1151 1139 1364 1183 vestitus
1413 1135 1751 1192 viridissimos,

259 1213 613 1277 speluncarum
653 1227 894 1258 concavas
936 1209 1249 1266 altitudines,
1289 1227 1524 1258 saxorum
1565 1213 1751 1274 asperi-

258 1294 412 1343 tates,
454 1285 844 1350 inpendentium
885 1288 1136 1332 montium
1179 1284 1472 1332 altitudines
1514 1287 1751 1333 inmensi-

258 1370 497 1426 tatesque
543 1376 870 1424 camporum3
934 1361 1065 1407 adde
1112 1363 1269 1407 etiam
1311 1361 1598 1408 reconditas
1643 1363 1751 1407 auri

180 1445 234 1487 99
259 1440 560 1502 argentique
585 1453 738 1483 venas
761 1435 1114 1499 infinitamque
1138 1439 1239 1482 vim
1260 1438 1535 1483 marmoris.
1605 1435 1750 1495 Quae

258 1530 376 1561 vero
415 1520 469 1560 et
507 1528 659 1576 quam
697 1514 834 1558 varia
870 1527 1061 1575 genera
1097 1511 1377 1558 bestiarum
1412 1510 1493 1558 vel
1529 1514 1751 1558 cicurum

257 1588 337 1636 vel
376 1587 630 1635 ferarum!
692 1589 777 1650 qui
817 1585 1092 1633 volucrium
1131 1585 1298 1649 lapsus
1340 1593 1496 1649 atque
1536 1586 1749 1634 cantus!

258 1667 344 1727 qui
372 1663 626 1726 pecudum
654 1668 830 1724 pastus
854 1661 864 1708 ἕ
914 1677 1046 1725 quae
1076 1664 1181 1708 vita
1209 1661 1512 1708 silvestrium
1535 1661 1546 1708 ἔ
1614 1660 1750 1720 Quid

256 1742 358 1785 iam
388 1738 452 1786 de
484 1737 746 1784 hominum
777 1752 967 1801 genere
1000 1736 1206 1784 dicam?
1251 1739 1337 1800 qui
1363 1739 1506 1800 quasi
1531 1735 1749 1784 cultores

257 1820 426 1861 terrae
457 1815 721 1860 constituti
751 1829 853 1859 non
882 1814 1149 1874 patiuntur
1179 1827 1293 1858 eam
1323 1827 1416 1858 nec
1445 1813 1749 1858 inmanitate

256 1888 521 1938 beluarum
568 1886 763 1934 efferari
808 1903 902 1934 nec
947 1890 1179 1949 stirpium
1225 1890 1501 1950 asperitate
1546 1889 1750 1943 vastari,

257 1980 572 2027 quorumque
599 1963 832 2026 operibus
860 1965 984 2026 agri,
1009 1961 1202 2009 insulae
1225 1961 1475 2026 litoraque
1500 1961 1750 2009 collucent

257 2039 498 2086 distincta
553 2041 703 2085 tectis
756 2045 810 2085 et
859 2038 1081 2084 urbibus.
1165 2036 1310 2096 Quae
1366 2040 1406 2084 si
1462 2043 1521 2084 ut
1571 2039 1748 2083 animis

256 2117 325 2160 sic
367 2113 520 2160 oculis
564 2113 734 2160 videre
773 2129 1051 2174 possemus,
1088 2128 1237 2159 nemo
1274 2118 1509 2158 cunctam
1544 2114 1748 2159 intuens

155 2194 231 2233 100
257 2195 445 2234 terram
471 2188 534 2234 de
560 2187 729 2234 divina
752 2190 948 2233 ratione
973 2186 1248 2233 dubitaret.
1318 2187 1390 2232 At
1414 2201 1531 2232 vero
1556 2192 1748 2248 quanta

256 2265 405 2308 maris
441 2269 519 2308 est
547 2260 902 2324 pulchritudo!
941 2277 1072 2323 quae
1105 2263 1297 2323 species
1331 2259 1581 2306 universi!
1616 2276 1748 2322 quae

256 2336 530 2384 multitudo
557 2343 610 2382 et
646 2339 863 2382 varietas
889 2335 1196 2382 insularum!
1243 2350 1374 2397 quae
1411 2336 1747 2382 amoenitates

257 2428 456 2458 orarum
515 2427 572 2457 ac
622 2410 860 2457 litorum!
928 2417 1053 2473 quot
1103 2425 1293 2474 genera
1345 2424 1598 2472 quamque
1649 2409 1747 2456 dis-

257 2489 397 2548 paria
444 2489 629 2548 partim
677 2487 1067 2541 submersarum,
1108 2488 1294 2548 partim
1342 2483 1650 2531 fluitantium
1691 2489 1746 2532 et

257 2606 350 2650 218
