1853 3001
191 1052 241 1092 31

891 212 1142 261 CICERO

269 346 445 393 mundi
476 348 611 392 inest
641 347 952 407 principatus
984 343 1110 391 11366
1141 347 1306 391 1116556
1338 361 1545 392 11666556
1578 352 1676 402 est,
1709 353 1763 394 et

271 427 459 471 acriora
493 423 700 486 quidem
734 428 890 485 atque
923 425 1128 468 maiora.
1198 421 1444 480 Quocirca
1475 425 1758 486 sapientem

270 517 380 549 esse
420 501 667 547 mundum
708 515 914 546 11666556
957 506 1051 556 est,
1092 506 1430 563 naturamque
1472 516 1586 547 eam
1627 517 1759 564 quae

268 596 348 626 res
406 594 580 625 omnes
638 576 885 640 conplexa
942 584 1122 624 teneat
1179 576 1494 640 perfectione
1551 581 1758 626 rationis

271 655 536 712 excellere,
586 671 749 718 eoque
799 656 952 701 deum
1001 670 1110 701 esse
1158 655 1405 702 mundum
1454 672 1760 720 omnemque

270 739 370 781 vim
391 734 567 780 mundi
588 740 771 779 natura
793 733 961 779 divina
982 735 1245 781 contineri.

339 811 366 827 “
387 813 561 874 Atque
588 813 743 857 etiam
768 810 944 857 mundi
967 809 1049 856 ille
1074 808 1239 856 fervor
1262 813 1432 872 purior
1463 810 1765 873 perlucidior

269 889 599 952 mobiliorque
623 887 785 934 multo
810 888 873 934 ob
900 903 1086 950 easque
1111 904 1285 934 causas
1311 890 1475 950 aptior
1499 888 1564 936 ad
1587 904 1762 936 sensus

270 966 657 1014 commovendos
689 982 841 1029 quarn
870 963 950 1011 hic
980 972 1152 1012 noster
1181 964 1315 1011 calor
1345 982 1443 1028 quo
1473 964 1600 1012 11366
1630 982 1763 1029 quae

269 1052 391 1092 nota
431 1045 574 1091 nobis
617 1050 735 1090 sunt
775 1045 1062 1089 retinentur
1104 1049 1158 1089 et
1199 1046 1388 1106 vigent.
1471 1043 1763 1090 Absurdum

269 1126 425 1186 igitur
450 1129 528 1169 est
554 1122 738 1177 dicere,
764 1137 878 1167 cum
903 1110 1455 1183 hominesbestiaeque
1479 1119 1573 1167 hoc
1599 1119 1763 1168 calore

268 1206 542 1247 teneantur
600 1205 655 1245 et
710 1204 983 1261 propterea
1039 1204 1338 1244 moveantur
1396 1213 1454 1245 36
1519 1200 1762 1255 sentiant,

269 1278 515 1324 mundum
554 1292 663 1323 esse
702 1279 810 1322 sine
848 1292 998 1322 sensu
1046 1278 1129 1339 qui
1178 1278 1378 1339 integro
1422 1281 1476 1322 et
1511 1274 1670 1322 libero
1709 1282 1763 1323 et

269 1372 394 1418 puro
453 1355 735 1417 eodemque
793 1355 1035 1399 acerrimo
1093 1359 1147 1399 et
1201 1352 1527 1399 mobilissimo
1583 1353 1762 1400 ardore

268 1440 525 1488 teneatur,
549 1434 850 1495 praesertim
875 1447 989 1477 cum
1013 1433 1053 1477 is
1079 1430 1226 1477 ardor
1249 1433 1334 1493 qui
1361 1437 1439 1477 est
1460 1429 1638 1477 mundi
1660 1447 1761 1478 non

271 1514 494 1575 agitatus
522 1511 585 1557 ab
613 1509 708 1556 alio
735 1525 902 1572 neque
930 1514 1142 1555 externo
1167 1507 1315 1571 pulsu
1341 1508 1432 1555 sed
1455 1524 1548 1571 per
1572 1524 1626 1555 se
1651 1511 1760 1571 ipse

268 1605 325 1636 36
373 1605 461 1636 5113
510 1594 692 1651 sponte
738 1593 1003 1633 moveatur
1026 1601 1037 1641 3
1099 1602 1217 1632 nam
1265 1586 1387 1649 quid
1432 1592 1605 1648 potest
1649 1601 1759 1633 esse

265 1666 474 1714 mundo1
499 1665 765 1721 valentius,
790 1664 926 1727 quod
953 1663 1112 1726 pellat
1137 1669 1291 1726 atque
1315 1669 1519 1709 moveat
1542 1662 1758 1710 calorem

187 1751 242 1790 32
268 1761 385 1791 eum
452 1760 552 1807 quo
619 1742 702 1789 ille
769 1741 1049 1788 teneatur?
1117 1740 1236 1787 XII.
1273 1741 1554 1787 Audiamus
1623 1743 1758 1787 enim

266 1821 531 1868 Platonem
558 1823 700 1884 quasi
727 1820 982 1883 quendam
1009 1819 1162 1866 deum
1188 1817 1598 1881 philosophorum
1621 1833 1634 1874 ;
1677 1821 1758 1865 cui

266 1900 365 1946 duo
394 1898 564 1962 placet
595 1902 724 1945 65562
756 1904 942 1953 motus,
973 1913 1130 1943 unum
1162 1912 1308 1943 51111111
1339 1895 1558 1942 alterum
1589 1901 1756 1942 exter-

265 1994 403 2032 num,
421 1993 529 2023 esse
547 1983 720 2022 autem
737 1976 950 2022 divinius
968 1974 1103 2037 quod
1122 1977 1283 2036 ipsum
1304 1988 1367 2019 ex
1389 1988 1443 2020 se
1464 1988 1556 2020 sua
1574 1979 1756 2035 sponte

263 2061 527 2100 moveatur
561 2070 713 2116 quam
748 2052 884 2115 quod
915 2050 1062 2114 pulsu
1099 2054 1323 2114 agitetur
1357 2049 1535 2096 alieno.
1605 2049 1755 2096 Hunc

265 2138 437 2177 autem
472 2137 668 2178 motum
703 2133 754 2175 in
780 2128 894 2176 solis
931 2131 1107 2174 animis
1145 2143 1253 2174 esse
1287 2130 1449 2190 ponit,
1475 2126 1539 2173 ab
1574 2125 1753 2190 hisque

262 2211 562 2271 principium
598 2214 765 2254 motus
804 2223 911 2253 esse
949 2206 1158 2252 ductum
1194 2211 1359 2267 putat.
1429 2202 1753 2267 Quapropter

264 2289 501 2348 quoniam
558 2301 619 2331 ex
675 2284 852 2330 mundi
907 2283 1083 2330 ardore
1139 2288 1306 2328 motus
1361 2283 1521 2327 omnis
1576 2284 1751 2338 oritur,

263 2365 302 2409 is
341 2370 513 2409 autem
553 2363 699 2408 ardor
737 2378 837 2408 non
875 2359 1038 2406 alieno
1075 2357 1275 2421 inpulsu
1314 2358 1404 2405 sed
1437 2371 1531 2404 ‘sua
1569 2364 1751 2420 sponte

322 2481 339 2506 ²
368 2483 458 2524 <im
481 2479 646 2520 mundo
673 2479 837 2519 o'oethe.
1089 2476 1105 2500 ²
1136 2489 1228 2516 6556
1246 2483 1451 2528 <genera>
1473 2475 1694 2526 Plasberq.

250 2550 286 2559 .-

841 2587 860 2607 ⁸
895 2582 1093 2622 Timaeus
1116 2585 1182 2621 bv.

284 2656 372 2696 152
