<?xml version="1.0" encoding="UTF-8"?>
<!DOCTYPE html PUBLIC "-//W3C//DTD XHTML 1.0 Transitional//EN"
    "http://www.w3.org/TR/xhtml1/DTD/xhtml1-transitional.dtd">
<html xmlns="http://www.w3.org/1999/xhtml" xml:lang="en" lang="en">
 <head>
  <title>
</title>
<meta http-equiv="Content-Type" content="text/html;charset=utf-8" />
  <meta name='ocr-system' content='tesseract 3.04.00' />
  <meta name='ocr-capabilities' content='ocr_page ocr_carea ocr_par ocr_line ocrx_word'/>
</head>
<body>
  <div class='ocr_page' id='page_1' title='image "./denaturadeorumac00ciceuoft_0506.png"; bbox 0 0 1919 3006; ppageno 0'>
   <div class='ocr_carea' id='block_1_1' title="bbox 948 189 1202 238">
    <p class='ocr_par' dir='ltr' id='par_1_1' title="bbox 948 189 1202 238">
     <span class='ocr_line' id='line_1_1' title="bbox 948 189 1202 238; baseline -0.008 0"><span class='ocrx_word' id='word_1_1' title='bbox 948 189 1202 238; x_wconf 91' lang='lat' dir='ltr'>CICERO</span> 
     </span>
    </p>
   </div>
   <div class='ocr_carea' id='block_1_2' title="bbox 285 315 1834 2233">
    <p class='ocr_par' dir='ltr' id='par_1_2' title="bbox 329 315 1827 1097">
     <span class='ocr_line' id='line_1_2' title="bbox 331 315 1819 388; baseline -0.006 -18"><span class='ocrx_word' id='word_1_2' title='bbox 331 340 486 388; x_wconf 90' lang='lat' dir='ltr'>quam</span> <span class='ocrx_word' id='word_1_3' title='bbox 501 321 637 368; x_wconf 85' lang='lat' dir='ltr'>aliud</span> <span class='ocrx_word' id='word_1_4' title='bbox 651 320 926 367; x_wconf 91' lang='lat' dir='ltr'>videndum</span> <span class='ocrx_word' id='word_1_5' title='bbox 943 325 1021 365; x_wconf 90' lang='lat' dir='ltr'>est</span> <span class='ocrx_word' id='word_1_6' title='bbox 1036 319 1178 365; x_wconf 91' lang='lat' dir='ltr'>nobis</span> <span class='ocrx_word' id='word_1_7' title='bbox 1195 334 1319 381; x_wconf 90' lang='lat' dir='ltr'>quos</span> <span class='ocrx_word' id='word_1_8' title='bbox 1334 315 1548 380; x_wconf 91' lang='lat' dir='ltr'>populus</span> <span class='ocrx_word' id='word_1_9' title='bbox 1563 315 1819 362; x_wconf 86' lang='lat' dir='ltr'>Romanus</span> 
     </span>
     <span class='ocr_line' id='line_1_3' title="bbox 329 386 1818 457; baseline -0.007 -15"><span class='ocrx_word' id='word_1_10' title='bbox 329 395 424 442; x_wconf 91' lang='lat' dir='ltr'>hoc</span> <span class='ocrx_word' id='word_1_11' title='bbox 452 397 505 440; x_wconf 89' lang='lat' dir='ltr'>in</span> <span class='ocrx_word' id='word_1_12' title='bbox 533 392 695 457; x_wconf 88' lang='lat' dir='ltr'>gradu</span> <span class='ocrx_word' id='word_1_13' title='bbox 724 389 1004 438; x_wconf 88' lang='lat' dir='ltr'>conlocavit</span> <span class='ocrx_word' id='word_1_14' title='bbox 1032 392 1126 436; x_wconf 90' lang='lat' dir='ltr'>nisi</span> <span class='ocrx_word' id='word_1_15' title='bbox 1155 404 1220 435; x_wconf 91' lang='lat' dir='ltr'>ne</span> <span class='ocrx_word' id='word_1_16' title='bbox 1251 389 1373 452; x_wconf 88' lang='lat' dir='ltr'>quid</span> <span class='ocrx_word' id='word_1_17' title='bbox 1400 390 1609 450; x_wconf 87' lang='lat' dir='ltr'>privatis</span> <span class='ocrx_word' id='word_1_18' title='bbox 1638 386 1818 434; x_wconf 80' lang='lat' dir='ltr'>studiis</span> 
     </span>
     <span class='ocr_line' id='line_1_4' title="bbox 330 456 1817 528; baseline -0.007 -14"><span class='ocrx_word' id='word_1_19' title='bbox 330 468 395 515; x_wconf 91' lang='lat' dir='ltr'>de</span> <span class='ocrx_word' id='word_1_20' title='bbox 437 480 591 528; x_wconf 91' lang='lat' dir='ltr'>opera</span> <span class='ocrx_word' id='word_1_21' title='bbox 631 461 834 525; x_wconf 93' lang='lat' dir='ltr'>publica</span> <span class='ocrx_word' id='word_1_22' title='bbox 873 459 1215 508; x_wconf 82' lang='lat' dir='ltr'><strong>detrahamus.</strong></span> <span class='ocrx_word' id='word_1_23' title='bbox 1284 458 1477 517; x_wconf 83' lang='lat' dir='ltr'>Quodsi</span> <span class='ocrx_word' id='word_1_24' title='bbox 1517 475 1633 506; x_wconf 90' lang='lat' dir='ltr'>cum</span> <span class='ocrx_word' id='word_1_25' title='bbox 1672 456 1817 521; x_wconf 90' lang='lat' dir='ltr'>fungi</span> 
     </span>
     <span class='ocr_line' id='line_1_5' title="bbox 330 531 1815 593; baseline -0.007 -8"><span class='ocrx_word' id='word_1_26' title='bbox 330 551 540 585; x_wconf 90' lang='lat' dir='ltr'>munere</span> <span class='ocrx_word' id='word_1_27' title='bbox 565 534 877 582; x_wconf 82' lang='lat' dir='ltr'>debebamus</span> <span class='ocrx_word' id='word_1_28' title='bbox 900 548 1002 578; x_wconf 90' lang='lat' dir='ltr'>non</span> <span class='ocrx_word' id='word_1_29' title='bbox 1023 531 1173 578; x_wconf 91' lang='lat' dir='ltr'>modo</span> <span class='ocrx_word' id='word_1_30' title='bbox 1196 546 1403 593; x_wconf 83' lang='lat' dir='ltr'>operam</span> <span class='ocrx_word' id='word_1_31' title='bbox 1424 536 1650 577; x_wconf 89' lang='lat' dir='ltr'>nostram</span> <span class='ocrx_word' id='word_1_32' title='bbox 1670 545 1815 575; x_wconf 88' lang='lat' dir='ltr'>num-</span> 
     </span>
     <span class='ocr_line' id='line_1_6' title="bbox 332 601 1815 673; baseline -0.005 -18"><span class='ocrx_word' id='word_1_33' title='bbox 332 624 485 673; x_wconf 87' lang='lat' dir='ltr'>quam</span> <span class='ocrx_word' id='word_1_34' title='bbox 521 623 551 652; x_wconf 93' lang='lat' dir='ltr'>a</span> <span class='ocrx_word' id='word_1_35' title='bbox 582 603 812 668; x_wconf 70' lang='lat' dir='ltr'>popula-ri</span> <span class='ocrx_word' id='word_1_36' title='bbox 846 609 997 650; x_wconf 83' lang='lat' dir='ltr'>coetu</span> <span class='ocrx_word' id='word_1_37' title='bbox 1029 605 1333 649; x_wconf 89' lang='lat' dir='ltr'>removimus</span> <span class='ocrx_word' id='word_1_38' title='bbox 1367 602 1459 649; x_wconf 93' lang='lat' dir='ltr'>sed</span> <span class='ocrx_word' id='word_1_39' title='bbox 1491 617 1556 648; x_wconf 91' lang='lat' dir='ltr'>ne</span> <span class='ocrx_word' id='word_1_40' title='bbox 1589 601 1815 648; x_wconf 77' lang='lat' dir='ltr'>litteram</span> 
     </span>
     <span class='ocr_line' id='line_1_7' title="bbox 333 672 1818 744; baseline -0.005 -18"><span class='ocrx_word' id='word_1_41' title='bbox 333 680 539 744; x_wconf 91' lang='lat' dir='ltr'>quidem</span> <span class='ocrx_word' id='word_1_42' title='bbox 567 676 720 723; x_wconf 89' lang='lat' dir='ltr'>ullam</span> <span class='ocrx_word' id='word_1_43' title='bbox 748 674 959 721; x_wconf 87' lang='lat' dir='ltr'>fecimus</span> <span class='ocrx_word' id='word_1_44' title='bbox 986 676 1080 720; x_wconf 90' lang='lat' dir='ltr'>nisi</span> <span class='ocrx_word' id='word_1_45' title='bbox 1107 672 1378 729; x_wconf 88' lang='lat' dir='ltr'>forensem,</span> <span class='ocrx_word' id='word_1_46' title='bbox 1405 675 1516 736; x_wconf 92' lang='lat' dir='ltr'>quis</span> <span class='ocrx_word' id='word_1_47' title='bbox 1541 673 1818 736; x_wconf 80' lang='lat' dir='ltr'>reprendet</span> 
     </span>
     <span class='ocr_line' id='line_1_8' title="bbox 333 744 1820 808; baseline -0.005 -10"><span class='ocrx_word' id='word_1_48' title='bbox 333 755 494 799; x_wconf 92' lang='lat' dir='ltr'>otium</span> <span class='ocrx_word' id='word_1_49' title='bbox 531 754 778 801; x_wconf 84' lang='lat' dir='ltr'>nostrum,</span> <span class='ocrx_word' id='word_1_50' title='bbox 817 749 902 808; x_wconf 90' lang='lat' dir='ltr'>qui</span> <span class='ocrx_word' id='word_1_51' title='bbox 938 749 991 792; x_wconf 92' lang='lat' dir='ltr'>in</span> <span class='ocrx_word' id='word_1_52' title='bbox 1029 761 1088 791; x_wconf 95' lang='lat' dir='ltr'>eo</span> <span class='ocrx_word' id='word_1_53' title='bbox 1125 761 1226 791; x_wconf 93' lang='lat' dir='ltr'>non</span> <span class='ocrx_word' id='word_1_54' title='bbox 1263 744 1414 791; x_wconf 90' lang='lat' dir='ltr'>modo</span> <span class='ocrx_word' id='word_1_55' title='bbox 1451 751 1652 791; x_wconf 81' lang='lat' dir='ltr'>nosmet</span> <span class='ocrx_word' id='word_1_56' title='bbox 1687 747 1820 806; x_wconf 90' lang='lat' dir='ltr'>ipsos</span> 
     </span>
     <span class='ocr_line' id='line_1_9' title="bbox 333 814 1824 880; baseline -0.005 -11"><span class='ocrx_word' id='word_1_57' title='bbox 333 822 608 869; x_wconf 84' lang='lat' dir='ltr'>hebescere</span> <span class='ocrx_word' id='word_1_58' title='bbox 633 825 686 864; x_wconf 89' lang='lat' dir='ltr'>et</span> <span class='ocrx_word' id='word_1_59' title='bbox 707 817 950 880; x_wconf 86' lang='lat' dir='ltr'>languere</span> <span class='ocrx_word' id='word_1_60' title='bbox 973 815 1205 862; x_wconf 91' lang='lat' dir='ltr'>nolumus</span> <span class='ocrx_word' id='word_1_61' title='bbox 1228 816 1318 862; x_wconf 92' lang='lat' dir='ltr'>sed</span> <span class='ocrx_word' id='word_1_62' title='bbox 1341 818 1497 861; x_wconf 86' lang='lat' dir='ltr'>etiam</span> <span class='ocrx_word' id='word_1_63' title='bbox 1519 822 1578 861; x_wconf 92' lang='lat' dir='ltr'>ut</span> <span class='ocrx_word' id='word_1_64' title='bbox 1598 814 1824 878; x_wconf 88' lang='lat' dir='ltr'>plurimis</span> 
     </span>
     <span class='ocr_line' id='line_1_10' title="bbox 334 886 1825 957; baseline -0.005 -18"><span class='ocrx_word' id='word_1_65' title='bbox 334 895 580 957; x_wconf 88' lang='lat' dir='ltr'>prosimus</span> <span class='ocrx_word' id='word_1_66' title='bbox 622 891 861 935; x_wconf 76' lang='lat' dir='ltr'>enitimur</span> <span class='ocrx_word' id='word_1_67' title='bbox 883 888 901 934; x_wconf 86' lang='lat'>?</span> <span class='ocrx_word' id='word_1_68' title='bbox 971 886 1194 934; x_wconf 90' lang='lat' dir='ltr'>Gloriam</span> <span class='ocrx_word' id='word_1_69' title='bbox 1234 903 1352 934; x_wconf 90' lang='lat' dir='ltr'>vero</span> <span class='ocrx_word' id='word_1_70' title='bbox 1393 903 1494 933; x_wconf 91' lang='lat' dir='ltr'>non</span> <span class='ocrx_word' id='word_1_71' title='bbox 1533 886 1684 933; x_wconf 91' lang='lat' dir='ltr'>modo</span> <span class='ocrx_word' id='word_1_72' title='bbox 1725 901 1825 932; x_wconf 91' lang='lat' dir='ltr'>non</span> 
     </span>
     <span class='ocr_line' id='line_1_11' title="bbox 335 958 1825 1021; baseline -0.005 -10"><span class='ocrx_word' id='word_1_73' title='bbox 335 965 491 1011; x_wconf 90' lang='lat' dir='ltr'>minui</span> <span class='ocrx_word' id='word_1_74' title='bbox 526 961 617 1009; x_wconf 85' lang='lat' dir='ltr'>sed</span> <span class='ocrx_word' id='word_1_75' title='bbox 659 962 814 1006; x_wconf 84' lang='lat' dir='ltr'>etiarn</span> <span class='ocrx_word' id='word_1_76' title='bbox 851 960 1025 1021; x_wconf 86' lang='lat' dir='ltr'>augeri</span> <span class='ocrx_word' id='word_1_77' title='bbox 1059 958 1362 1004; x_wconf 68' lang='lat' dir='ltr'>arbitramur</span> <span class='ocrx_word' id='word_1_78' title='bbox 1397 973 1571 1004; x_wconf 91' lang='lat' dir='ltr'>eorum</span> <span class='ocrx_word' id='word_1_79' title='bbox 1613 973 1825 1020; x_wconf 89' lang='lat' dir='ltr'>quorum</span> 
     </span>
     <span class='ocr_line' id='line_1_12' title="bbox 336 1027 1827 1097; baseline -0.005 -14"><span class='ocrx_word' id='word_1_80' title='bbox 336 1036 401 1083; x_wconf 93' lang='lat' dir='ltr'>ad</span> <span class='ocrx_word' id='word_1_81' title='bbox 443 1032 697 1097; x_wconf 91' lang='lat' dir='ltr'>popularis</span> <span class='ocrx_word' id='word_1_82' title='bbox 741 1030 1066 1092; x_wconf 77' lang='lat' dir='ltr'>inlustrisque</span> <span class='ocrx_word' id='word_1_83' title='bbox 1109 1028 1285 1075; x_wconf 88' lang='lat' dir='ltr'>laudes</span> <span class='ocrx_word' id='word_1_84' title='bbox 1328 1027 1418 1076; x_wconf 91' lang='lat' dir='ltr'>has</span> <span class='ocrx_word' id='word_1_85' title='bbox 1463 1032 1619 1075; x_wconf 89' lang='lat' dir='ltr'>etiam</span> <span class='ocrx_word' id='word_1_86' title='bbox 1661 1031 1827 1075; x_wconf 91' lang='lat' dir='ltr'>minus</span> 
     </span>
    </p>

    <p class='ocr_par' dir='ltr' id='par_1_3' title="bbox 285 1098 1830 1437">
     <span class='ocr_line' id='line_1_13' title="bbox 285 1098 1828 1165; baseline -0.005 -12"><span class='ocrx_word' id='word_1_87' title='bbox 285 1117 311 1158; x_wconf 82' lang='grc'><strong>7</strong></span> <span class='ocrx_word' id='word_1_88' title='bbox 335 1112 481 1153; x_wconf 87' lang='lat' dir='ltr'>notas</span> <span class='ocrx_word' id='word_1_89' title='bbox 497 1106 765 1165; x_wconf 89' lang='lat' dir='ltr'>minusque</span> <span class='ocrx_word' id='word_1_90' title='bbox 789 1100 1110 1164; x_wconf 78' lang='lat' dir='ltr'>pervolgatas</span> <span class='ocrx_word' id='word_1_91' title='bbox 1128 1101 1462 1163; x_wconf 84' lang='lat' dir='ltr'>adiungimus.</span> <span class='ocrx_word' id='word_1_92' title='bbox 1518 1098 1647 1146; x_wconf 86' lang='lat' dir='ltr'>Sunt</span> <span class='ocrx_word' id='word_1_93' title='bbox 1672 1102 1828 1146; x_wconf 86' lang='lat' dir='ltr'>etiam</span> 
     </span>
     <span class='ocr_line' id='line_1_14' title="bbox 336 1169 1830 1241; baseline -0.004 -18"><span class='ocrx_word' id='word_1_94' title='bbox 336 1180 422 1241; x_wconf 91' lang='lat' dir='ltr'>qui</span> <span class='ocrx_word' id='word_1_95' title='bbox 451 1181 645 1239; x_wconf 91' lang='lat' dir='ltr'>negent</span> <span class='ocrx_word' id='word_1_96' title='bbox 668 1177 720 1219; x_wconf 89' lang='lat' dir='ltr'>in</span> <span class='ocrx_word' id='word_1_97' title='bbox 742 1176 801 1219; x_wconf 88' lang='lat' dir='ltr'>iis</span> <span class='ocrx_word' id='word_1_98' title='bbox 826 1175 911 1235; x_wconf 91' lang='lat' dir='ltr'>qui</span> <span class='ocrx_word' id='word_1_99' title='bbox 940 1175 993 1218; x_wconf 90' lang='lat' dir='ltr'>in</span> <span class='ocrx_word' id='word_1_100' title='bbox 1017 1175 1198 1217; x_wconf 84' lang='lat' dir='ltr'>nostris</span> <span class='ocrx_word' id='word_1_101' title='bbox 1222 1170 1358 1217; x_wconf 90' lang='lat' dir='ltr'>libris</span> <span class='ocrx_word' id='word_1_102' title='bbox 1388 1171 1653 1234; x_wconf 89' lang='lat' dir='ltr'>disputent</span> <span class='ocrx_word' id='word_1_103' title='bbox 1674 1169 1830 1218; x_wconf 88' lang='lat' dir='ltr'>fuisse</span> 
     </span>
     <span class='ocr_line' id='line_1_15' title="bbox 337 1243 1830 1306; baseline -0.003 -12"><span class='ocrx_word' id='word_1_104' title='bbox 337 1264 512 1295; x_wconf 90' lang='lat' dir='ltr'>earum</span> <span class='ocrx_word' id='word_1_105' title='bbox 546 1261 715 1292; x_wconf 90' lang='lat' dir='ltr'>rerum</span> <span class='ocrx_word' id='word_1_106' title='bbox 751 1244 815 1291; x_wconf 92' lang='lat' dir='ltr'>de</span> <span class='ocrx_word' id='word_1_107' title='bbox 851 1243 1032 1306; x_wconf 89' lang='lat' dir='ltr'>quibus</span> <span class='ocrx_word' id='word_1_108' title='bbox 1068 1243 1358 1305; x_wconf 89' lang='lat' dir='ltr'>disputatur</span> <span class='ocrx_word' id='word_1_109' title='bbox 1391 1245 1690 1290; x_wconf 83' lang='lat' dir='ltr'>scientiam:</span> <span class='ocrx_word' id='word_1_110' title='bbox 1744 1245 1830 1306; x_wconf 92' lang='lat' dir='ltr'>qui</span> 
     </span>
     <span class='ocr_line' id='line_1_16' title="bbox 337 1313 1830 1366; baseline -0.003 0"><span class='ocrx_word' id='word_1_111' title='bbox 337 1317 459 1366; x_wconf 87' lang='lat' dir='ltr'>mihi</span> <span class='ocrx_word' id='word_1_112' title='bbox 501 1318 739 1364; x_wconf 85' lang='lat' dir='ltr'>videntur</span> <span class='ocrx_word' id='word_1_113' title='bbox 780 1331 881 1361; x_wconf 91' lang='lat' dir='ltr'>non</span> <span class='ocrx_word' id='word_1_114' title='bbox 922 1313 1083 1361; x_wconf 89' lang='lat' dir='ltr'>solum</span> <span class='ocrx_word' id='word_1_115' title='bbox 1125 1317 1248 1361; x_wconf 90' lang='lat' dir='ltr'>vivis</span> <span class='ocrx_word' id='word_1_116' title='bbox 1289 1314 1381 1361; x_wconf 92' lang='lat' dir='ltr'>sed</span> <span class='ocrx_word' id='word_1_117' title='bbox 1421 1317 1579 1361; x_wconf 88' lang='lat' dir='ltr'>etiam</span> <span class='ocrx_word' id='word_1_118' title='bbox 1619 1317 1830 1361; x_wconf 86' lang='lat' dir='ltr'>mortuis</span> 
     </span>
     <span class='ocr_line' id='line_1_17' title="bbox 335 1389 576 1437; baseline -0.017 0"><span class='ocrx_word' id='word_1_119' title='bbox 335 1389 576 1437; x_wconf 84' lang='lat' dir='ltr'>invidere.</span> 
     </span>
    </p>

    <p class='ocr_par' dir='ltr' id='par_1_4' title="bbox 337 1454 1834 2233">
     <span class='ocr_line' id='line_1_18' title="bbox 403 1454 1833 1520; baseline -0.002 -13"><span class='ocrx_word' id='word_1_120' title='bbox 403 1460 500 1507; x_wconf 96' lang='grc' dir='ltr'>ΙΙΙ.</span> <span class='ocrx_word' id='word_1_121' title='bbox 539 1459 721 1505; x_wconf 85' lang='lat' dir='ltr'>Restat</span> <span class='ocrx_word' id='word_1_122' title='bbox 768 1473 927 1504; x_wconf 91' lang='lat' dir='ltr'>unum</span> <span class='ocrx_word' id='word_1_123' title='bbox 973 1472 1135 1520; x_wconf 89' lang='lat' dir='ltr'>genus</span> <span class='ocrx_word' id='word_1_124' title='bbox 1181 1454 1603 1519; x_wconf 87' lang='lat' dir='ltr'>reprehensorum</span> <span class='ocrx_word' id='word_1_125' title='bbox 1650 1457 1833 1519; x_wconf 85' lang='lat' dir='ltr'>quibus</span> 
     </span>
     <span class='ocr_line' id='line_1_19' title="bbox 338 1525 1833 1591; baseline -0.003 -12"><span class='ocrx_word' id='word_1_126' title='bbox 338 1532 648 1579; x_wconf 86' lang='lat' dir='ltr'>Academiae</span> <span class='ocrx_word' id='word_1_127' title='bbox 672 1532 802 1576; x_wconf 87' lang='lat' dir='ltr'>ratio</span> <span class='ocrx_word' id='word_1_128' title='bbox 827 1544 929 1574; x_wconf 92' lang='lat' dir='ltr'>non</span> <span class='ocrx_word' id='word_1_129' title='bbox 952 1527 1211 1590; x_wconf 86' lang='lat' dir='ltr'>probatur.</span> <span class='ocrx_word' id='word_1_130' title='bbox 1280 1526 1432 1585; x_wconf 82' lang='lat' dir='ltr'>Quod</span> <span class='ocrx_word' id='word_1_131' title='bbox 1453 1530 1654 1591; x_wconf 89' lang='lat' dir='ltr'>gravius</span> <span class='ocrx_word' id='word_1_132' title='bbox 1678 1525 1833 1574; x_wconf 88' lang='lat' dir='ltr'>ferre-</span> 
     </span>
     <span class='ocr_line' id='line_1_20' title="bbox 338 1596 1834 1665; baseline -0.003 -15"><span class='ocrx_word' id='word_1_133' title='bbox 338 1620 449 1650; x_wconf 92' lang='lat' dir='ltr'>mus</span> <span class='ocrx_word' id='word_1_134' title='bbox 473 1605 513 1650; x_wconf 90' lang='lat' dir='ltr'>si</span> <span class='ocrx_word' id='word_1_135' title='bbox 537 1604 805 1665; x_wconf 90' lang='lat' dir='ltr'>quisquam</span> <span class='ocrx_word' id='word_1_136' title='bbox 834 1598 988 1645; x_wconf 89' lang='lat' dir='ltr'>ullam</span> <span class='ocrx_word' id='word_1_137' title='bbox 1011 1597 1325 1661; x_wconf 86' lang='lat' dir='ltr'>disciplinam</span> <span class='ocrx_word' id='word_1_138' title='bbox 1346 1596 1693 1661; x_wconf 90' lang='lat' dir='ltr'>philosophiae</span> <span class='ocrx_word' id='word_1_139' title='bbox 1720 1614 1834 1662; x_wconf 88' lang='lat' dir='ltr'>pro-</span> 
     </span>
     <span class='ocr_line' id='line_1_21' title="bbox 340 1669 1832 1736; baseline -0.003 -15"><span class='ocrx_word' id='word_1_140' title='bbox 340 1676 488 1722; x_wconf 89' lang='lat' dir='ltr'>baret</span> <span class='ocrx_word' id='word_1_141' title='bbox 503 1679 709 1736; x_wconf 89' lang='lat' dir='ltr'>praeter</span> <span class='ocrx_word' id='word_1_142' title='bbox 726 1687 839 1717; x_wconf 90' lang='lat' dir='ltr'>eam</span> <span class='ocrx_word' id='word_1_143' title='bbox 858 1687 1011 1733; x_wconf 90' lang='lat' dir='ltr'>quam</span> <span class='ocrx_word' id='word_1_144' title='bbox 1028 1673 1135 1732; x_wconf 89' lang='lat' dir='ltr'>ipse</span> <span class='ocrx_word' id='word_1_145' title='bbox 1153 1676 1468 1732; x_wconf 87' lang='lat' dir='ltr'>sequeretur.</span> <span class='ocrx_word' id='word_1_146' title='bbox 1537 1669 1640 1716; x_wconf 90' lang='lat' dir='ltr'>Nos</span> <span class='ocrx_word' id='word_1_147' title='bbox 1658 1676 1832 1717; x_wconf 88' lang='lat' dir='ltr'>autem</span> 
     </span>
     <span class='ocr_line' id='line_1_22' title="bbox 337 1740 1833 1809; baseline -0.003 -17"><span class='ocrx_word' id='word_1_148' title='bbox 337 1749 577 1809; x_wconf 89' lang='lat' dir='ltr'>quoniam</span> <span class='ocrx_word' id='word_1_149' title='bbox 593 1750 771 1790; x_wconf 89' lang='lat' dir='ltr'>contra</span> <span class='ocrx_word' id='word_1_150' title='bbox 787 1758 962 1789; x_wconf 91' lang='lat' dir='ltr'>omnes</span> <span class='ocrx_word' id='word_1_151' title='bbox 980 1742 1148 1788; x_wconf 90' lang='lat' dir='ltr'>dicere</span> <span class='ocrx_word' id='word_1_152' title='bbox 1166 1747 1318 1805; x_wconf 82' lang='lat' dir='ltr'>quae1</span> <span class='ocrx_word' id='word_1_153' title='bbox 1336 1741 1574 1788; x_wconf 87' lang='lat' dir='ltr'>videntur</span> <span class='ocrx_word' id='word_1_154' title='bbox 1597 1740 1833 1798; x_wconf 89' lang='lat' dir='ltr'>solemus,</span> 
     </span>
     <span class='ocr_line' id='line_1_23' title="bbox 338 1812 1834 1877; baseline -0.001 -14"><span class='ocrx_word' id='word_1_155' title='bbox 338 1834 438 1863; x_wconf 90' lang='lat' dir='ltr'>non</span> <span class='ocrx_word' id='word_1_156' title='bbox 466 1831 728 1877; x_wconf 87' lang='lat' dir='ltr'>possumus</span> <span class='ocrx_word' id='word_1_157' title='bbox 756 1817 877 1876; x_wconf 89' lang='lat' dir='ltr'>quin</span> <span class='ocrx_word' id='word_1_158' title='bbox 903 1812 985 1859; x_wconf 89' lang='lat' dir='ltr'>alii</span> <span class='ocrx_word' id='word_1_159' title='bbox 1012 1829 1043 1860; x_wconf 86' lang='lat' dir='ltr'>a</span> <span class='ocrx_word' id='word_1_160' title='bbox 1066 1813 1211 1859; x_wconf 89' lang='lat' dir='ltr'>nobis</span> <span class='ocrx_word' id='word_1_161' title='bbox 1238 1813 1542 1860; x_wconf 88' lang='lat' dir='ltr'>dissentiant</span> <span class='ocrx_word' id='word_1_162' title='bbox 1564 1828 1797 1860; x_wconf 88' lang='lat' dir='ltr'>recusare</span> <span class='ocrx_word' id='word_1_163' title='bbox 1821 1827 1834 1862; x_wconf 71' lang='grc' dir='ltr'><strong>ε</strong></span> 
     </span>
     <span class='ocr_line' id='line_1_24' title="bbox 340 1883 1833 1950; baseline -0.002 -16"><span class='ocrx_word' id='word_1_164' title='bbox 340 1902 650 1950; x_wconf 87' lang='lat' dir='ltr'>quamquam</span> <span class='ocrx_word' id='word_1_165' title='bbox 669 1893 843 1932; x_wconf 86' lang='lat' dir='ltr'>nostra</span> <span class='ocrx_word' id='word_1_166' title='bbox 861 1884 1068 1947; x_wconf 90' lang='lat' dir='ltr'>quidem</span> <span class='ocrx_word' id='word_1_167' title='bbox 1088 1900 1240 1931; x_wconf 89' lang='lat' dir='ltr'>causa</span> <span class='ocrx_word' id='word_1_168' title='bbox 1258 1883 1416 1931; x_wconf 86' lang='lat' dir='ltr'>facilis</span> <span class='ocrx_word' id='word_1_169' title='bbox 1437 1891 1533 1941; x_wconf 89' lang='lat' dir='ltr'>est,</span> <span class='ocrx_word' id='word_1_170' title='bbox 1553 1887 1639 1948; x_wconf 93' lang='lat' dir='ltr'>qui</span> <span class='ocrx_word' id='word_1_171' title='bbox 1658 1900 1833 1932; x_wconf 89' lang='lat' dir='ltr'>verum</span> 
     </span>
     <span class='ocr_line' id='line_1_25' title="bbox 338 1955 1834 2019; baseline -0.002 -15"><span class='ocrx_word' id='word_1_172' title='bbox 338 1961 564 2005; x_wconf 76' lang='lat' dir='ltr'>invenire</span> <span class='ocrx_word' id='word_1_173' title='bbox 590 1960 697 2004; x_wconf 89' lang='lat' dir='ltr'>sine</span> <span class='ocrx_word' id='word_1_174' title='bbox 724 1955 826 2003; x_wconf 91' lang='lat' dir='ltr'>ulla</span> <span class='ocrx_word' id='word_1_175' title='bbox 850 1959 1178 2002; x_wconf 88' lang='lat' dir='ltr'>contentione</span> <span class='ocrx_word' id='word_1_176' title='bbox 1204 1955 1432 2002; x_wconf 87' lang='lat' dir='ltr'>volumus</span> <span class='ocrx_word' id='word_1_177' title='bbox 1457 1955 1611 2019; x_wconf 90' lang='lat' dir='ltr'>idque</span> <span class='ocrx_word' id='word_1_178' title='bbox 1637 1972 1834 2003; x_wconf 89' lang='lat' dir='ltr'>summa</span> 
     </span>
     <span class='ocr_line' id='line_1_26' title="bbox 339 2026 1834 2092; baseline -0.001 -16"><span class='ocrx_word' id='word_1_179' title='bbox 339 2046 459 2076; x_wconf 87' lang='lat' dir='ltr'>cura</span> <span class='ocrx_word' id='word_1_180' title='bbox 489 2028 760 2092; x_wconf 90' lang='lat' dir='ltr'>studioque</span> <span class='ocrx_word' id='word_1_181' title='bbox 792 2030 1147 2090; x_wconf 87' lang='lat' dir='ltr'>conquirimus.</span> <span class='ocrx_word' id='word_1_182' title='bbox 1215 2026 1328 2073; x_wconf 88' lang='lat' dir='ltr'>Etsi</span> <span class='ocrx_word' id='word_1_183' title='bbox 1360 2030 1495 2073; x_wconf 92' lang='lat' dir='ltr'>enim</span> <span class='ocrx_word' id='word_1_184' title='bbox 1527 2030 1688 2075; x_wconf 87' lang='lat' dir='ltr'>omnis</span> <span class='ocrx_word' id='word_1_185' title='bbox 1718 2043 1834 2091; x_wconf 86' lang='lat' dir='ltr'>cog-</span> 
     </span>
     <span class='ocr_line' id='line_1_27' title="bbox 339 2097 1834 2162; baseline 0 -16"><span class='ocrx_word' id='word_1_186' title='bbox 339 2103 464 2147; x_wconf 83' lang='lat' dir='ltr'>nitio</span> <span class='ocrx_word' id='word_1_187' title='bbox 487 2098 659 2146; x_wconf 90' lang='lat' dir='ltr'>multis</span> <span class='ocrx_word' id='word_1_188' title='bbox 684 2105 763 2146; x_wconf 89' lang='lat' dir='ltr'>est</span> <span class='ocrx_word' id='word_1_189' title='bbox 785 2099 1047 2145; x_wconf 90' lang='lat' dir='ltr'>obstructa</span> <span class='ocrx_word' id='word_1_190' title='bbox 1071 2097 1467 2154; x_wconf 89' lang='lat' dir='ltr'>difficultatibus,</span> <span class='ocrx_word' id='word_1_191' title='bbox 1491 2113 1653 2162; x_wconf 90' lang='lat' dir='ltr'>eaque</span> <span class='ocrx_word' id='word_1_192' title='bbox 1677 2105 1757 2146; x_wconf 89' lang='lat' dir='ltr'>est</span> <span class='ocrx_word' id='word_1_193' title='bbox 1780 2105 1834 2146; x_wconf 92' lang='lat' dir='ltr'>et</span> 
     </span>
     <span class='ocr_line' id='line_1_28' title="bbox 339 2169 1830 2233; baseline 0.001 -16"><span class='ocrx_word' id='word_1_194' title='bbox 339 2174 391 2217; x_wconf 91' lang='lat' dir='ltr'>in</span> <span class='ocrx_word' id='word_1_195' title='bbox 409 2173 528 2233; x_wconf 88' lang='lat' dir='ltr'>ipsis</span> <span class='ocrx_word' id='word_1_196' title='bbox 546 2170 697 2217; x_wconf 89' lang='lat' dir='ltr'>rebus</span> <span class='ocrx_word' id='word_1_197' title='bbox 717 2170 995 2216; x_wconf 86' lang='lat' dir='ltr'>obscuritas</span> <span class='ocrx_word' id='word_1_198' title='bbox 1016 2176 1069 2216; x_wconf 89' lang='lat' dir='ltr'>et</span> <span class='ocrx_word' id='word_1_199' title='bbox 1086 2172 1138 2215; x_wconf 89' lang='lat' dir='ltr'>in</span> <span class='ocrx_word' id='word_1_200' title='bbox 1155 2169 1348 2216; x_wconf 92' lang='lat' dir='ltr'>iudiciis</span> <span class='ocrx_word' id='word_1_201' title='bbox 1367 2171 1549 2216; x_wconf 86' lang='lat' dir='ltr'>nostris</span> <span class='ocrx_word' id='word_1_202' title='bbox 1565 2169 1830 2218; x_wconf 84' lang='lat' dir='ltr'>infirmitas</span> 
     </span>
    </p>
   </div>
   <div class='ocr_carea' id='block_1_3' title="bbox 343 2276 1870 2373">
    <p class='ocr_par' dir='ltr' id='par_1_5' title="bbox 343 2276 1870 2373">
     <span class='ocr_line' id='line_1_29' title="bbox 343 2276 1870 2372; baseline 0.001 -54"><span class='ocrx_word' id='word_1_203' title='bbox 343 2332 378 2372; x_wconf 64' lang='lat' dir='ltr'><em>C</em></span> <span class='ocrx_word' id='word_1_204' title='bbox 396 2278 411 2302; x_wconf 86' lang='lat'><strong>¹</strong></span> <span class='ocrx_word' id='word_1_205' title='bbox 441 2278 586 2371; x_wconf 56' lang='lat' dir='ltr'>{licere</span> <span class='ocrx_word' id='word_1_206' title='bbox 613 2291 729 2330; x_wconf 90' lang='lat' dir='ltr'>quae</span> <span class='ocrx_word' id='word_1_207' title='bbox 753 2276 898 2318; x_wconf 74' lang='lat' dir='ltr'>Reid=</span> <span class='ocrx_word' id='word_1_208' title='bbox 935 2278 1014 2330; x_wconf 89' lang='lat' dir='ltr'>qui</span> <span class='ocrx_word' id='word_1_209' title='bbox 1038 2276 1184 2318; x_wconf 89' lang='lat' dir='ltr'>dicere</span> <span class='ocrx_word' id='word_1_210' title='bbox 1207 2289 1324 2329; x_wconf 89' lang='lat' dir='ltr'>quae</span> <span class='ocrx_word' id='word_1_211' title='bbox 1348 2277 1488 2325; x_wconf 64' lang='lat' dir='ltr'>codd„</span> <span class='ocrx_word' id='word_1_212' title='bbox 1514 2278 1593 2330; x_wconf 92' lang='lat' dir='ltr'>qui</span> <span class='ocrx_word' id='word_1_213' title='bbox 1616 2279 1728 2320; x_wconf 86' lang='lat' dir='ltr'>scire</span> <span class='ocrx_word' id='word_1_214' title='bbox 1744 2277 1829 2319; x_wconf 87' lang='lat' dir='ltr'>sibi</span> <span class='ocrx_word' id='word_1_215' title='bbox 1858 2297 1870 2305; x_wconf 92' lang='lat'><strong>·</strong></span> 
     </span>
     <span class='ocr_line' id='line_1_30' title="bbox 368 2348 470 2373; baseline 0.02 -2"><span class='ocrx_word' id='word_1_216' title='bbox 368 2348 435 2372; x_wconf 60' lang='lat' dir='ltr'>sah</span> <span class='ocrx_word' id='word_1_217' title='bbox 461 2364 470 2373; x_wconf 82' lang='lat'><strong>·</strong></span> 
     </span>
    </p>
   </div>
   <div class='ocr_carea' id='block_1_4' title="bbox 341 2435 1829 2594">
    <p class='ocr_par' dir='ltr' id='par_1_6' title="bbox 341 2435 1829 2594">
     <span class='ocr_line' id='line_1_31' title="bbox 399 2435 1828 2488; baseline 0.001 -11"><span class='ocrx_word' id='word_1_218' title='bbox 399 2443 415 2461; x_wconf 77' lang='lat'>⁰</span> <span class='ocrx_word' id='word_1_219' title='bbox 445 2438 530 2484; x_wconf 74' lang='lat' dir='ltr'><em>2&#39;.e.‚</em></span> <span class='ocrx_word' id='word_1_220' title='bbox 551 2437 625 2478; x_wconf 89' lang='lat' dir='ltr'>the</span> <span class='ocrx_word' id='word_1_221' title='bbox 649 2437 864 2477; x_wconf 77' lang='lat' dir='ltr'>dramatis</span> <span class='ocrx_word' id='word_1_222' title='bbox 892 2450 1101 2488; x_wconf 77' lang='lat' dir='ltr'>personae</span> <span class='ocrx_word' id='word_1_223' title='bbox 1124 2435 1174 2477; x_wconf 84' lang='lat' dir='ltr'>of</span> <span class='ocrx_word' id='word_1_224' title='bbox 1197 2436 1272 2477; x_wconf 90' lang='lat' dir='ltr'>the</span> <span class='ocrx_word' id='word_1_225' title='bbox 1295 2435 1524 2487; x_wconf 70' lang='lat' dir='ltr'>dialogues</span> <span class='ocrx_word' id='word_1_226' title='bbox 1547 2437 1644 2477; x_wconf 79' lang='lat' dir='ltr'>that</span> <span class='ocrx_word' id='word_1_227' title='bbox 1665 2436 1828 2480; x_wconf 71' lang='lat' dir='ltr'>follovV.</span> 
     </span>
     <span class='ocr_line' id='line_1_32' title="bbox 401 2489 1829 2544; baseline 0.001 -12"><span class='ocrx_word' id='word_1_228' title='bbox 401 2492 415 2515; x_wconf 77' lang='lat'><em>⁶</em></span> <span class='ocrx_word' id='word_1_229' title='bbox 454 2491 522 2534; x_wconf 64' lang='grc' dir='ltr'>(Ὺ.</span> <span class='ocrx_word' id='word_1_230' title='bbox 561 2491 746 2542; x_wconf 82' lang='lat' dir='ltr'>‘preach</span> <span class='ocrx_word' id='word_1_231' title='bbox 781 2490 928 2531; x_wconf 78' lang='lat' dir='ltr'>Christ</span> <span class='ocrx_word' id='word_1_232' title='bbox 965 2490 1015 2530; x_wconf 83' lang='lat' dir='ltr'>of</span> <span class='ocrx_word' id='word_1_233' title='bbox 1047 2489 1334 2539; x_wconf 78' lang='lat' dir='ltr'>contention,’</span> <span class='ocrx_word' id='word_1_234' title='bbox 1372 2489 1664 2544; x_wconf 77' lang='lat' dir='ltr'>Philippiam</span> <span class='ocrx_word' id='word_1_235' title='bbox 1695 2492 1724 2534; x_wconf 85' lang='lat' dir='ltr'>i.</span> <span class='ocrx_word' id='word_1_236' title='bbox 1762 2494 1829 2541; x_wconf 87' lang='lat'>16.</span> 
     </span>
     <span class='ocr_line' id='line_1_33' title="bbox 341 2544 1248 2594; baseline 0.001 -9"><span class='ocrx_word' id='word_1_237' title='bbox 341 2545 427 2585; x_wconf 82' lang='lat' dir='ltr'>and</span> <span class='ocrx_word' id='word_1_238' title='bbox 454 2544 652 2587; x_wconf 75' lang='lat' dir='ltr'>Hebrews·</span> <span class='ocrx_word' id='word_1_239' title='bbox 673 2546 700 2587; x_wconf 86' lang='lat' dir='ltr'>i.</span> <span class='ocrx_word' id='word_1_240' title='bbox 721 2548 763 2594; x_wconf 86' lang='lat'>3,</span> <span class='ocrx_word' id='word_1_241' title='bbox 790 2545 1124 2586; x_wconf 74' lang='lat' dir='ltr'>Thessalonians</span> <span class='ocrx_word' id='word_1_242' title='bbox 1143 2546 1187 2586; x_wconf 87' lang='lat' dir='ltr'>ii.</span> <span class='ocrx_word' id='word_1_243' title='bbox 1207 2548 1248 2586; x_wconf 73' lang='lat'>2.</span> 
     </span>
    </p>
   </div>
   <div class='ocr_carea' id='block_1_5' title="bbox 342 2613 438 2659">
    <p class='ocr_par' dir='ltr' id='par_1_7' title="bbox 342 2613 438 2659">
     <span class='ocr_line' id='line_1_34' title="bbox 342 2613 438 2659; baseline -0.01 -1"><span class='ocrx_word' id='word_1_244' title='bbox 342 2613 438 2659; x_wconf 77' lang='lat'>472</span> 
     </span>
    </p>
   </div>
  </div>
 </body>
</html>
