<?xml version="1.0" encoding="UTF-8"?>
<!DOCTYPE html PUBLIC "-//W3C//DTD XHTML 1.0 Transitional//EN"
    "http://www.w3.org/TR/xhtml1/DTD/xhtml1-transitional.dtd">
<html xmlns="http://www.w3.org/1999/xhtml" xml:lang="en" lang="en">
 <head>
  <title>
</title>
<meta http-equiv="Content-Type" content="text/html;charset=utf-8" />
  <meta name='ocr-system' content='tesseract 3.04.00' />
  <meta name='ocr-capabilities' content='ocr_page ocr_carea ocr_par ocr_line ocrx_word'/>
</head>
<body>
  <div class='ocr_page' id='page_1' title='image "./denaturadeorumac00ciceuoft_0530.png"; bbox 0 0 1919 3006; ppageno 0'>
   <div class='ocr_carea' id='block_1_1' title="bbox 272 1936 325 1975">
    <p class='ocr_par' dir='ltr' id='par_1_1' title="bbox 272 1936 325 1975">
     <span class='ocr_line' id='line_1_1' title="bbox 272 1936 325 1975; baseline 0 0"><span class='ocrx_word' id='word_1_1' title='bbox 272 1936 325 1975; x_wconf 85' lang='lat'><strong>23</strong></span> 
     </span>
    </p>
   </div>
   <div class='ocr_carea' id='block_1_2' title="bbox 978 242 1230 291">
    <p class='ocr_par' dir='ltr' id='par_1_2' title="bbox 978 242 1230 291">
     <span class='ocr_line' id='line_1_2' title="bbox 978 242 1230 291; baseline 0 0"><span class='ocrx_word' id='word_1_2' title='bbox 978 242 1230 291; x_wconf 87' lang='lat' dir='ltr'>CICERO</span> 
     </span>
    </p>
   </div>
   <div class='ocr_carea' id='block_1_3' title="bbox 347 372 1854 2255">
    <p class='ocr_par' dir='ltr' id='par_1_3' title="bbox 348 372 1854 1919">
     <span class='ocr_line' id='line_1_3' title="bbox 356 372 1851 438; baseline -0.001 -16"><span class='ocrx_word' id='word_1_3' title='bbox 356 392 456 422; x_wconf 89' lang='lat' dir='ltr'><strong>non</strong></span> <span class='ocrx_word' id='word_1_4' title='bbox 488 380 712 438; x_wconf 83' lang='lat' dir='ltr'><strong>possent,</strong></span> <span class='ocrx_word' id='word_1_5' title='bbox 747 389 847 436; x_wconf 93' lang='lat' dir='ltr'><strong>quo</strong></span> <span class='ocrx_word' id='word_1_6' title='bbox 879 372 1092 420; x_wconf 90' lang='lat' dir='ltr'><strong>tandem</strong></span> <span class='ocrx_word' id='word_1_7' title='bbox 1122 377 1180 419; x_wconf 86' lang='lat' dir='ltr'><strong>iis</strong></span> <span class='ocrx_word' id='word_1_8' title='bbox 1213 373 1365 420; x_wconf 93' lang='lat' dir='ltr'><strong>modo</strong></span> <span class='ocrx_word' id='word_1_9' title='bbox 1398 373 1700 420; x_wconf 89' lang='lat' dir='ltr'><strong>uteremur?</strong></span> <span class='ocrx_word' id='word_1_10' title='bbox 1751 390 1851 437; x_wconf 93' lang='lat' dir='ltr'><strong>quo</strong></span> 
     </span>
     <span class='ocr_line' id='line_1_4' title="bbox 354 440 1852 503; baseline -0.001 -13"><span class='ocrx_word' id='word_1_11' title='bbox 354 443 504 490; x_wconf 90' lang='lat' dir='ltr'><strong>modo</strong></span> <span class='ocrx_word' id='word_1_12' title='bbox 547 448 720 488; x_wconf 87' lang='lat' dir='ltr'><strong>autem</strong></span> <span class='ocrx_word' id='word_1_13' title='bbox 762 440 884 503; x_wconf 87' lang='lat' dir='ltr'><strong>quid</strong></span> <span class='ocrx_word' id='word_1_14' title='bbox 923 443 1105 503; x_wconf 91' lang='lat' dir='ltr'><strong>cuique</strong></span> <span class='ocrx_word' id='word_1_15' title='bbox 1145 443 1218 487; x_wconf 90' lang='lat' dir='ltr'><strong>rei</strong></span> <span class='ocrx_word' id='word_1_16' title='bbox 1259 447 1659 488; x_wconf 90' lang='lat' dir='ltr'><strong>consentaneum</strong></span> <span class='ocrx_word' id='word_1_17' title='bbox 1700 449 1852 498; x_wconf 89' lang='lat' dir='ltr'><strong>esset,</strong></span> 
     </span>
     <span class='ocr_line' id='line_1_5' title="bbox 355 507 1851 573; baseline -0.001 -17"><span class='ocrx_word' id='word_1_18' title='bbox 355 510 477 573; x_wconf 91' lang='lat' dir='ltr'><strong>quid</strong></span> <span class='ocrx_word' id='word_1_19' title='bbox 523 515 852 572; x_wconf 77' lang='lat' dir='ltr'><strong>repugnaret,</strong></span> <span class='ocrx_word' id='word_1_20' title='bbox 901 508 1186 554; x_wconf 90' lang='lat' dir='ltr'><strong>videremus</strong></span> <span class='ocrx_word' id='word_1_21' title='bbox 1210 507 1229 554; x_wconf 94' lang='lat'>?</span> <span class='ocrx_word' id='word_1_22' title='bbox 1313 507 1597 555; x_wconf 84' lang='lat' dir='ltr'><strong>Memoriae</strong></span> <span class='ocrx_word' id='word_1_23' title='bbox 1645 509 1851 571; x_wconf 90' lang='lat' dir='ltr'><strong>quidem</strong></span> 
     </span>
     <span class='ocr_line' id='line_1_6' title="bbox 355 574 1853 640; baseline -0.001 -16"><span class='ocrx_word' id='word_1_24' title='bbox 355 585 510 633; x_wconf 89' lang='lat' dir='ltr'><strong>certe,</strong></span> <span class='ocrx_word' id='word_1_25' title='bbox 535 592 666 640; x_wconf 91' lang='lat' dir='ltr'><strong>quae</strong></span> <span class='ocrx_word' id='word_1_26' title='bbox 690 592 791 622; x_wconf 91' lang='lat' dir='ltr'><strong>non</strong></span> <span class='ocrx_word' id='word_1_27' title='bbox 812 575 964 622; x_wconf 94' lang='lat' dir='ltr'><strong>modo</strong></span> <span class='ocrx_word' id='word_1_28' title='bbox 986 574 1355 638; x_wconf 85' lang='lat' dir='ltr'>philosophiam</span> <span class='ocrx_word' id='word_1_29' title='bbox 1377 575 1468 622; x_wconf 89' lang='lat' dir='ltr'><strong>sed</strong></span> <span class='ocrx_word' id='word_1_30' title='bbox 1490 591 1694 622; x_wconf 91' lang='lat' dir='ltr'><strong>omnem</strong></span> <span class='ocrx_word' id='word_1_31' title='bbox 1716 579 1853 622; x_wconf 89' lang='lat' dir='ltr'><strong>vitae</strong></span> 
     </span>
     <span class='ocr_line' id='line_1_7' title="bbox 355 642 1853 706; baseline -0.002 -14"><span class='ocrx_word' id='word_1_32' title='bbox 355 661 500 692; x_wconf 86' lang='lat' dir='ltr'><strong>usum</strong></span> <span class='ocrx_word' id='word_1_33' title='bbox 541 659 820 706; x_wconf 89' lang='lat' dir='ltr'><strong>omnesque</strong></span> <span class='ocrx_word' id='word_1_34' title='bbox 863 649 996 689; x_wconf 89' lang='lat' dir='ltr'><strong>artes</strong></span> <span class='ocrx_word' id='word_1_35' title='bbox 1039 659 1140 689; x_wconf 89' lang='lat' dir='ltr'><strong>una</strong></span> <span class='ocrx_word' id='word_1_36' title='bbox 1179 646 1402 690; x_wconf 81' lang='lat' dir='ltr'><strong>maxime</strong></span> <span class='ocrx_word' id='word_1_37' title='bbox 1443 646 1690 699; x_wconf 89' lang='lat' dir='ltr'><strong>continet,</strong></span> <span class='ocrx_word' id='word_1_38' title='bbox 1730 642 1853 689; x_wconf 83' lang='lat' dir='ltr'>nihil</span> 
     </span>
     <span class='ocr_line' id='line_1_8' title="bbox 354 709 1852 773; baseline -0.001 -14"><span class='ocrx_word' id='word_1_39' title='bbox 354 716 557 759; x_wconf 88' lang='lat' dir='ltr'><strong>omnino</strong></span> <span class='ocrx_word' id='word_1_40' title='bbox 603 711 698 757; x_wconf 91' lang='lat' dir='ltr'><strong>loci</strong></span> <span class='ocrx_word' id='word_1_41' title='bbox 744 710 1061 773; x_wconf 77' lang='lat' dir='ltr'><strong>relinquitur.</strong></span> <span class='ocrx_word' id='word_1_42' title='bbox 1144 709 1291 768; x_wconf 81' lang='lat' dir='ltr'><strong>Quae</strong></span> <span class='ocrx_word' id='word_1_43' title='bbox 1337 717 1511 773; x_wconf 88' lang='lat' dir='ltr'><strong>potest</strong></span> <span class='ocrx_word' id='word_1_44' title='bbox 1559 713 1695 757; x_wconf 88' lang='lat' dir='ltr'><strong>enim</strong></span> <span class='ocrx_word' id='word_1_45' title='bbox 1743 725 1852 757; x_wconf 84' lang='lat' dir='ltr'><strong>esse</strong></span> 
     </span>
     <span class='ocr_line' id='line_1_9' title="bbox 353 777 1853 840; baseline -0.001 -14"><span class='ocrx_word' id='word_1_46' title='bbox 353 782 597 826; x_wconf 87' lang='lat' dir='ltr'><strong>memoria</strong></span> <span class='ocrx_word' id='word_1_47' title='bbox 644 777 926 824; x_wconf 89' lang='lat' dir='ltr'><strong>falsorum?</strong></span> <span class='ocrx_word' id='word_1_48' title='bbox 995 783 1085 824; x_wconf 88' lang='lat' dir='ltr'><strong>aut</strong></span> <span class='ocrx_word' id='word_1_49' title='bbox 1133 777 1257 840; x_wconf 90' lang='lat' dir='ltr'><strong>quid</strong></span> <span class='ocrx_word' id='word_1_50' title='bbox 1304 781 1572 840; x_wconf 88' lang='lat' dir='ltr'><strong>quisquam</strong></span> <span class='ocrx_word' id='word_1_51' title='bbox 1619 780 1853 825; x_wconf 78' lang='lat' dir='ltr'><strong>meminit</strong></span> 
     </span>
     <span class='ocr_line' id='line_1_10' title="bbox 353 843 1852 911; baseline -0.001 -17"><span class='ocrx_word' id='word_1_52' title='bbox 353 847 489 911; x_wconf 91' lang='lat' dir='ltr'><strong>quod</strong></span> <span class='ocrx_word' id='word_1_53' title='bbox 524 862 626 893; x_wconf 90' lang='lat' dir='ltr'><strong>non</strong></span> <span class='ocrx_word' id='word_1_54' title='bbox 662 849 829 891; x_wconf 89' lang='lat' dir='ltr'><strong>animo</strong></span> <span class='ocrx_word' id='word_1_55' title='bbox 865 843 1251 907; x_wconf 89' lang='lat' dir='ltr'><strong>comprehendit</strong></span> <span class='ocrx_word' id='word_1_56' title='bbox 1287 851 1341 892; x_wconf 91' lang='lat' dir='ltr'><strong>et</strong></span> <span class='ocrx_word' id='word_1_57' title='bbox 1375 845 1565 892; x_wconf 90' lang='lat' dir='ltr'><strong>tenet?</strong></span> <span class='ocrx_word' id='word_1_58' title='bbox 1620 861 1699 892; x_wconf 85' lang='lat' dir='ltr'><strong>ars</strong></span> <span class='ocrx_word' id='word_1_59' title='bbox 1734 861 1852 892; x_wconf 90' lang='lat' dir='ltr'><strong>vero</strong></span> 
     </span>
     <span class='ocr_line' id='line_1_11' title="bbox 353 912 1853 978; baseline -0.001 -17"><span class='ocrx_word' id='word_1_60' title='bbox 353 930 485 978; x_wconf 88' lang='lat' dir='ltr'><strong>quae</strong></span> <span class='ocrx_word' id='word_1_61' title='bbox 506 920 680 976; x_wconf 89' lang='lat' dir='ltr'><strong>potest</strong></span> <span class='ocrx_word' id='word_1_62' title='bbox 702 929 813 959; x_wconf 89' lang='lat' dir='ltr'><strong>esse</strong></span> <span class='ocrx_word' id='word_1_63' title='bbox 835 915 928 958; x_wconf 91' lang='lat' dir='ltr'><strong>nisi</strong></span> <span class='ocrx_word' id='word_1_64' title='bbox 952 927 1083 975; x_wconf 88' lang='lat' dir='ltr'><strong>quae</strong></span> <span class='ocrx_word' id='word_1_65' title='bbox 1105 928 1205 958; x_wconf 93' lang='lat' dir='ltr'><strong>non</strong></span> <span class='ocrx_word' id='word_1_66' title='bbox 1227 928 1290 959; x_wconf 87' lang='lat' dir='ltr'><strong>ex</strong></span> <span class='ocrx_word' id='word_1_67' title='bbox 1311 928 1414 958; x_wconf 87' lang='lat' dir='ltr'><strong>una</strong></span> <span class='ocrx_word' id='word_1_68' title='bbox 1435 919 1525 959; x_wconf 88' lang='lat' dir='ltr'><strong>aut</strong></span> <span class='ocrx_word' id='word_1_69' title='bbox 1545 912 1742 960; x_wconf 85' lang='lat' dir='ltr'><strong>duabus</strong></span> <span class='ocrx_word' id='word_1_70' title='bbox 1763 912 1853 959; x_wconf 92' lang='lat' dir='ltr'><strong>sed</strong></span> 
     </span>
     <span class='ocr_line' id='line_1_12' title="bbox 353 979 1853 1042; baseline -0.002 -13"><span class='ocrx_word' id='word_1_71' title='bbox 353 998 416 1029; x_wconf 90' lang='lat' dir='ltr'><strong>ex</strong></span> <span class='ocrx_word' id='word_1_72' title='bbox 447 981 619 1028; x_wconf 89' lang='lat' dir='ltr'><strong>multis</strong></span> <span class='ocrx_word' id='word_1_73' title='bbox 654 983 807 1026; x_wconf 90' lang='lat' dir='ltr'><strong>animi</strong></span> <span class='ocrx_word' id='word_1_74' title='bbox 839 980 1249 1042; x_wconf 79' lang='lat' dir='ltr'><strong>perceptionibus</strong></span> <span class='ocrx_word' id='word_1_75' title='bbox 1283 979 1525 1026; x_wconf 88' lang='lat' dir='ltr'><strong>constat?</strong></span> <span class='ocrx_word' id='word_1_76' title='bbox 1590 979 1778 1038; x_wconf 81' lang='lat' dir='ltr'><strong>Quam¹</strong></span> <span class='ocrx_word' id='word_1_77' title='bbox 1812 983 1853 1026; x_wconf 90' lang='lat' dir='ltr'><strong>si</strong></span> 
     </span>
     <span class='ocr_line' id='line_1_13' title="bbox 352 1046 1854 1110; baseline -0.002 -14"><span class='ocrx_word' id='word_1_78' title='bbox 352 1050 681 1104; x_wconf 78' lang='lat' dir='ltr'><strong>subtraxeris,</strong></span> <span class='ocrx_word' id='word_1_79' title='bbox 711 1051 798 1110; x_wconf 93' lang='lat' dir='ltr'><strong>qui</strong></span> <span class='ocrx_word' id='word_1_80' title='bbox 828 1047 1109 1110; x_wconf 80' lang='lat' dir='ltr'><strong>distingues</strong></span> <span class='ocrx_word' id='word_1_81' title='bbox 1144 1046 1390 1094; x_wconf 86' lang='lat' dir='ltr'><strong>artificem</strong></span> <span class='ocrx_word' id='word_1_82' title='bbox 1420 1047 1485 1094; x_wconf 87' lang='lat' dir='ltr'><strong>ab</strong></span> <span class='ocrx_word' id='word_1_83' title='bbox 1513 1047 1709 1094; x_wconf 89' lang='lat' dir='ltr'><strong>inscio?</strong></span> <span class='ocrx_word' id='word_1_84' title='bbox 1753 1063 1854 1093; x_wconf 91' lang='lat' dir='ltr'><strong>non</strong></span> 
     </span>
     <span class='ocr_line' id='line_1_14' title="bbox 353 1113 1854 1170; baseline -0.002 -6"><span class='ocrx_word' id='word_1_85' title='bbox 353 1120 489 1164; x_wconf 90' lang='lat' dir='ltr'><strong>enim</strong></span> <span class='ocrx_word' id='word_1_86' title='bbox 534 1115 746 1162; x_wconf 89' lang='lat' dir='ltr'><strong>fortuito</strong></span> <span class='ocrx_word' id='word_1_87' title='bbox 792 1114 926 1160; x_wconf 90' lang='lat' dir='ltr'><strong>hunc</strong></span> <span class='ocrx_word' id='word_1_88' title='bbox 974 1114 1220 1161; x_wconf 85' lang='lat' dir='ltr'><strong>artificem</strong></span> <span class='ocrx_word' id='word_1_89' title='bbox 1266 1114 1491 1161; x_wconf 82' lang='lat' dir='ltr'><strong>dicemus</strong></span> <span class='ocrx_word' id='word_1_90' title='bbox 1539 1130 1667 1170; x_wconf 89' lang='lat' dir='ltr'><strong>esse,</strong></span> <span class='ocrx_word' id='word_1_91' title='bbox 1711 1113 1854 1161; x_wconf 90' lang='lat' dir='ltr'><strong>illum</strong></span> 
     </span>
     <span class='ocr_line' id='line_1_15' title="bbox 353 1182 1854 1248; baseline -0.003 -17"><span class='ocrx_word' id='word_1_92' title='bbox 353 1184 669 1248; x_wconf 83' lang='lat' dir='ltr'><strong>negabimus,</strong></span> <span class='ocrx_word' id='word_1_93' title='bbox 709 1182 800 1229; x_wconf 88' lang='lat' dir='ltr'><strong>sed</strong></span> <span class='ocrx_word' id='word_1_94' title='bbox 838 1198 953 1228; x_wconf 91' lang='lat' dir='ltr'><strong>cum</strong></span> <span class='ocrx_word' id='word_1_95' title='bbox 993 1182 1211 1228; x_wconf 85' lang='lat' dir='ltr'><strong>alterum</strong></span> <span class='ocrx_word' id='word_1_96' title='bbox 1249 1189 1495 1244; x_wconf 85' lang='lat' dir='ltr'><strong>percepta</strong></span> <span class='ocrx_word' id='word_1_97' title='bbox 1534 1188 1589 1229; x_wconf 91' lang='lat' dir='ltr'><strong>et</strong></span> <span class='ocrx_word' id='word_1_98' title='bbox 1626 1197 1854 1244; x_wconf 90' lang='lat' dir='ltr'><strong>compre-</strong></span> 
     </span>
     <span class='ocr_line' id='line_1_16' title="bbox 353 1248 1853 1312; baseline -0.001 -14"><span class='ocrx_word' id='word_1_99' title='bbox 353 1251 511 1298; x_wconf 87' lang='lat' dir='ltr'><strong>hensa</strong></span> <span class='ocrx_word' id='word_1_100' title='bbox 541 1258 720 1297; x_wconf 90' lang='lat' dir='ltr'><strong>tenere</strong></span> <span class='ocrx_word' id='word_1_101' title='bbox 753 1249 999 1305; x_wconf 88' lang='lat' dir='ltr'><strong>videmus,</strong></span> <span class='ocrx_word' id='word_1_102' title='bbox 1032 1249 1250 1295; x_wconf 86' lang='lat' dir='ltr'><strong>alterum</strong></span> <span class='ocrx_word' id='word_1_103' title='bbox 1280 1265 1383 1296; x_wconf 90' lang='lat' dir='ltr'><strong>non</strong></span> <span class='ocrx_word' id='word_1_104' title='bbox 1412 1253 1554 1296; x_wconf 89' lang='lat' dir='ltr'><strong>item.</strong></span> <span class='ocrx_word' id='word_1_105' title='bbox 1621 1248 1853 1312; x_wconf 90' lang='lat' dir='ltr'><strong>Cumque</strong></span> 
     </span>
     <span class='ocr_line' id='line_1_17' title="bbox 354 1316 1854 1380; baseline -0.002 -14"><span class='ocrx_word' id='word_1_106' title='bbox 354 1323 538 1366; x_wconf 83' lang='lat' dir='ltr'><strong>artium</strong></span> <span class='ocrx_word' id='word_1_107' title='bbox 576 1317 711 1364; x_wconf 89' lang='lat' dir='ltr'><strong>aliud</strong></span> <span class='ocrx_word' id='word_1_108' title='bbox 749 1320 854 1363; x_wconf 90' lang='lat' dir='ltr'><strong>eius</strong></span> <span class='ocrx_word' id='word_1_109' title='bbox 891 1316 1029 1363; x_wconf 92' lang='lat' dir='ltr'><strong>modi</strong></span> <span class='ocrx_word' id='word_1_110' title='bbox 1069 1332 1230 1380; x_wconf 87' lang='lat' dir='ltr'><strong>genus</strong></span> <span class='ocrx_word' id='word_1_111' title='bbox 1267 1319 1334 1363; x_wconf 92' lang='lat' dir='ltr'><strong>sit</strong></span> <span class='ocrx_word' id='word_1_112' title='bbox 1369 1323 1429 1364; x_wconf 91' lang='lat' dir='ltr'><strong>ut</strong></span> <span class='ocrx_word' id='word_1_113' title='bbox 1463 1323 1668 1363; x_wconf 89' lang='lat' dir='ltr'><strong>tantum</strong></span> <span class='ocrx_word' id='word_1_114' title='bbox 1702 1316 1854 1363; x_wconf 93' lang='lat' dir='ltr'><strong>modo</strong></span> 
     </span>
     <span class='ocr_line' id='line_1_18' title="bbox 352 1382 1853 1447; baseline -0.002 -14"><span class='ocrx_word' id='word_1_115' title='bbox 352 1390 518 1433; x_wconf 87' lang='lat' dir='ltr'><strong>animo</strong></span> <span class='ocrx_word' id='word_1_116' title='bbox 541 1402 650 1432; x_wconf 89' lang='lat' dir='ltr'><strong>rem</strong></span> <span class='ocrx_word' id='word_1_117' title='bbox 673 1392 867 1440; x_wconf 84' lang='lat' dir='ltr'><strong>cernat,</strong></span> <span class='ocrx_word' id='word_1_118' title='bbox 892 1383 1028 1430; x_wconf 91' lang='lat' dir='ltr'><strong>aliud</strong></span> <span class='ocrx_word' id='word_1_119' title='bbox 1050 1391 1109 1430; x_wconf 92' lang='lat' dir='ltr'><strong>ut</strong></span> <span class='ocrx_word' id='word_1_120' title='bbox 1130 1383 1368 1430; x_wconf 86' lang='lat' dir='ltr'><strong>moliatur</strong></span> <span class='ocrx_word' id='word_1_121' title='bbox 1392 1383 1581 1447; x_wconf 87' lang='lat' dir='ltr'><strong>aliquid</strong></span> <span class='ocrx_word' id='word_1_122' title='bbox 1604 1390 1659 1431; x_wconf 91' lang='lat' dir='ltr'><strong>et</strong></span> <span class='ocrx_word' id='word_1_123' title='bbox 1680 1382 1853 1439; x_wconf 88' lang='lat' dir='ltr'><strong>faciat,</strong></span> 
     </span>
     <span class='ocr_line' id='line_1_19' title="bbox 351 1453 1848 1517; baseline -0.002 -16"><span class='ocrx_word' id='word_1_124' title='bbox 351 1471 451 1517; x_wconf 93' lang='lat' dir='ltr'><strong>quo</strong></span> <span class='ocrx_word' id='word_1_125' title='bbox 476 1453 627 1500; x_wconf 93' lang='lat' dir='ltr'><strong>modo</strong></span> <span class='ocrx_word' id='word_1_126' title='bbox 655 1459 744 1499; x_wconf 89' lang='lat' dir='ltr'><strong>aut</strong></span> <span class='ocrx_word' id='word_1_127' title='bbox 769 1458 1058 1515; x_wconf 88' lang='lat' dir='ltr'><strong>geometres</strong></span> <span class='ocrx_word' id='word_1_128' title='bbox 1085 1467 1293 1498; x_wconf 90' lang='lat' dir='ltr'><strong>cernere</strong></span> <span class='ocrx_word' id='word_1_129' title='bbox 1321 1467 1382 1498; x_wconf 89' lang='lat' dir='ltr'><strong>ea</strong></span> <span class='ocrx_word' id='word_1_130' title='bbox 1405 1457 1580 1514; x_wconf 91' lang='lat' dir='ltr'><strong>potest</strong></span> <span class='ocrx_word' id='word_1_131' title='bbox 1605 1467 1737 1515; x_wconf 89' lang='lat' dir='ltr'><strong>quae</strong></span> <span class='ocrx_word' id='word_1_132' title='bbox 1763 1457 1848 1498; x_wconf 73' lang='lat' dir='ltr'><strong>aui</strong></span> 
     </span>
     <span class='ocr_line' id='line_1_20' title="bbox 351 1517 1853 1581; baseline -0.003 -13"><span class='ocrx_word' id='word_1_133' title='bbox 351 1521 488 1568; x_wconf 89' lang='lat' dir='ltr'><strong>nulla</strong></span> <span class='ocrx_word' id='word_1_134' title='bbox 514 1527 633 1567; x_wconf 88' lang='lat' dir='ltr'><strong>sunt</strong></span> <span class='ocrx_word' id='word_1_135' title='bbox 659 1526 749 1566; x_wconf 89' lang='lat' dir='ltr'><strong>aut</strong></span> <span class='ocrx_word' id='word_1_136' title='bbox 777 1522 1050 1566; x_wconf 89' lang='lat' dir='ltr'><strong>internosci</strong></span> <span class='ocrx_word' id='word_1_137' title='bbox 1079 1535 1109 1565; x_wconf 89' lang='lat' dir='ltr'><strong>a</strong></span> <span class='ocrx_word' id='word_1_138' title='bbox 1136 1517 1273 1565; x_wconf 87' lang='lat' dir='ltr'><strong>falsis</strong></span> <span class='ocrx_word' id='word_1_139' title='bbox 1302 1535 1409 1565; x_wconf 90' lang='lat' dir='ltr'><strong>non</strong></span> <span class='ocrx_word' id='word_1_140' title='bbox 1436 1525 1666 1581; x_wconf 92' lang='lat' dir='ltr'><strong>possunt,</strong></span> <span class='ocrx_word' id='word_1_141' title='bbox 1695 1525 1786 1566; x_wconf 85' lang='lat' dir='ltr'><strong>aut</strong></span> <span class='ocrx_word' id='word_1_142' title='bbox 1812 1521 1853 1564; x_wconf 89' lang='lat' dir='ltr'><strong>is</strong></span> 
     </span>
     <span class='ocr_line' id='line_1_21' title="bbox 351 1585 1852 1652; baseline -0.003 -17"><span class='ocrx_word' id='word_1_143' title='bbox 351 1592 438 1652; x_wconf 92' lang='lat' dir='ltr'><strong>qui</strong></span> <span class='ocrx_word' id='word_1_144' title='bbox 453 1588 636 1635; x_wconf 90' lang='lat' dir='ltr'><strong>fidibus</strong></span> <span class='ocrx_word' id='word_1_145' title='bbox 653 1591 816 1634; x_wconf 89' lang='lat' dir='ltr'><strong>utitur</strong></span> <span class='ocrx_word' id='word_1_146' title='bbox 832 1586 1039 1649; x_wconf 88' lang='lat' dir='ltr'><strong>explere</strong></span> <span class='ocrx_word' id='word_1_147' title='bbox 1054 1602 1290 1633; x_wconf 88' lang='lat' dir='ltr'><strong>numeros</strong></span> <span class='ocrx_word' id='word_1_148' title='bbox 1307 1593 1361 1634; x_wconf 88' lang='lat' dir='ltr'><strong>et</strong></span> <span class='ocrx_word' id='word_1_149' title='bbox 1376 1585 1623 1633; x_wconf 88' lang='lat' dir='ltr'><strong>conficere</strong></span> <span class='ocrx_word' id='word_1_150' title='bbox 1637 1601 1810 1632; x_wconf 85' lang='lat' dir='ltr'><strong>versus</strong></span> <span class='ocrx_word' id='word_1_151' title='bbox 1833 1585 1852 1631; x_wconf 88' lang='lat'>?</span> 
     </span>
     <span class='ocr_line' id='line_1_22' title="bbox 351 1654 1853 1719; baseline -0.002 -16"><span class='ocrx_word' id='word_1_152' title='bbox 351 1656 487 1719; x_wconf 92' lang='lat' dir='ltr'><strong>quod</strong></span> <span class='ocrx_word' id='word_1_153' title='bbox 531 1655 668 1702; x_wconf 92' lang='lat' dir='ltr'><strong>idem</strong></span> <span class='ocrx_word' id='word_1_154' title='bbox 713 1657 766 1701; x_wconf 91' lang='lat' dir='ltr'><strong>in</strong></span> <span class='ocrx_word' id='word_1_155' title='bbox 810 1654 1053 1700; x_wconf 86' lang='lat' dir='ltr'><strong>similibus</strong></span> <span class='ocrx_word' id='word_1_156' title='bbox 1100 1669 1304 1716; x_wconf 92' lang='lat' dir='ltr'><strong>quoque</strong></span> <span class='ocrx_word' id='word_1_157' title='bbox 1349 1654 1542 1700; x_wconf 86' lang='lat' dir='ltr'><strong>artibus</strong></span> <span class='ocrx_word' id='word_1_158' title='bbox 1587 1656 1853 1716; x_wconf 87' lang='lat' dir='ltr'><strong>continget</strong></span> 
     </span>
     <span class='ocr_line' id='line_1_23' title="bbox 349 1719 1852 1787; baseline -0.003 -17"><span class='ocrx_word' id='word_1_159' title='bbox 349 1739 563 1787; x_wconf 88' lang='lat' dir='ltr'><strong>quarum</strong></span> <span class='ocrx_word' id='word_1_160' title='bbox 601 1737 752 1769; x_wconf 91' lang='lat' dir='ltr'><strong>omne</strong></span> <span class='ocrx_word' id='word_1_161' title='bbox 790 1737 915 1784; x_wconf 91' lang='lat' dir='ltr'><strong>opus</strong></span> <span class='ocrx_word' id='word_1_162' title='bbox 957 1727 1035 1768; x_wconf 90' lang='lat' dir='ltr'><strong>est</strong></span> <span class='ocrx_word' id='word_1_163' title='bbox 1074 1723 1127 1766; x_wconf 91' lang='lat' dir='ltr'><strong>in</strong></span> <span class='ocrx_word' id='word_1_164' title='bbox 1167 1719 1400 1768; x_wconf 89' lang='lat' dir='ltr'><strong>faciendo</strong></span> <span class='ocrx_word' id='word_1_165' title='bbox 1439 1727 1597 1784; x_wconf 86' lang='lat' dir='ltr'><strong>atque</strong></span> <span class='ocrx_word' id='word_1_166' title='bbox 1635 1720 1852 1785; x_wconf 86' lang='lat' dir='ltr'><strong>agendo,</strong></span> 
     </span>
     <span class='ocr_line' id='line_1_24' title="bbox 348 1788 1852 1854; baseline -0.002 -17"><span class='ocrx_word' id='word_1_167' title='bbox 348 1791 472 1854; x_wconf 91' lang='lat' dir='ltr'><strong>quid</strong></span> <span class='ocrx_word' id='word_1_168' title='bbox 498 1793 633 1836; x_wconf 90' lang='lat' dir='ltr'><strong>enim</strong></span> <span class='ocrx_word' id='word_1_169' title='bbox 660 1796 738 1836; x_wconf 90' lang='lat' dir='ltr'><strong>est</strong></span> <span class='ocrx_word' id='word_1_170' title='bbox 763 1789 901 1852; x_wconf 90' lang='lat' dir='ltr'><strong>quod</strong></span> <span class='ocrx_word' id='word_1_171' title='bbox 925 1795 1036 1835; x_wconf 88' lang='lat' dir='ltr'><strong>arte</strong></span> <span class='ocrx_word' id='word_1_172' title='bbox 1061 1788 1189 1835; x_wconf 88' lang='lat' dir='ltr'><strong>effici</strong></span> <span class='ocrx_word' id='word_1_173' title='bbox 1212 1791 1388 1851; x_wconf 89' lang='lat' dir='ltr'><strong>possit,</strong></span> <span class='ocrx_word' id='word_1_174' title='bbox 1407 1791 1502 1835; x_wconf 87' lang='lat' dir='ltr'><strong>nisi</strong></span> <span class='ocrx_word' id='word_1_175' title='bbox 1519 1792 1561 1835; x_wconf 91' lang='lat' dir='ltr'><strong>is</strong></span> <span class='ocrx_word' id='word_1_176' title='bbox 1581 1791 1667 1852; x_wconf 91' lang='lat' dir='ltr'><strong>qui</strong></span> <span class='ocrx_word' id='word_1_177' title='bbox 1686 1794 1852 1834; x_wconf 86' lang='lat' dir='ltr'><strong>artem</strong></span> 
     </span>
     <span class='ocr_line' id='line_1_25' title="bbox 348 1856 1130 1919; baseline -0.004 -14"><span class='ocrx_word' id='word_1_178' title='bbox 348 1858 592 1905; x_wconf 89' lang='lat' dir='ltr'><strong>tractabit</strong></span> <span class='ocrx_word' id='word_1_179' title='bbox 616 1856 779 1903; x_wconf 87' lang='lat' dir='ltr'><strong>multa</strong></span> <span class='ocrx_word' id='word_1_180' title='bbox 801 1858 1089 1919; x_wconf 90' lang='lat' dir='ltr'><strong>perceperit</strong></span> <span class='ocrx_word' id='word_1_181' title='bbox 1111 1856 1130 1902; x_wconf 90' lang='lat'>?</span> 
     </span>
    </p>

    <p class='ocr_par' dir='ltr' id='par_1_4' title="bbox 347 1920 1851 2255">
     <span class='ocr_line' id='line_1_26' title="bbox 411 1920 1851 1987; baseline -0.003 -16"><span class='ocrx_word' id='word_1_182' title='bbox 411 1924 555 1971; x_wconf 93' lang='lat' dir='ltr'><strong>VIII.</strong></span> <span class='ocrx_word' id='word_1_183' title='bbox 593 1923 620 1940; x_wconf 93' lang='lat'>“</span> <span class='ocrx_word' id='word_1_184' title='bbox 649 1924 877 1970; x_wconf 88' lang='lat' dir='ltr'><strong>Maxime</strong></span> <span class='ocrx_word' id='word_1_185' title='bbox 908 1939 1027 1970; x_wconf 91' lang='lat' dir='ltr'><strong>vero</strong></span> <span class='ocrx_word' id='word_1_186' title='bbox 1056 1925 1303 1969; x_wconf 88' lang='lat' dir='ltr'><strong>virtutum</strong></span> <span class='ocrx_word' id='word_1_187' title='bbox 1335 1925 1558 1987; x_wconf 90' lang='lat' dir='ltr'><strong>cognitio</strong></span> <span class='ocrx_word' id='word_1_188' title='bbox 1587 1920 1851 1968; x_wconf 87' lang='lat' dir='ltr'><strong>confirmat</strong></span> 
     </span>
     <span class='ocr_line' id='line_1_27' title="bbox 348 1989 1850 2055; baseline -0.003 -16"><span class='ocrx_word' id='word_1_189' title='bbox 348 1996 537 2055; x_wconf 88' lang='lat' dir='ltr'><strong>percipi</strong></span> <span class='ocrx_word' id='word_1_190' title='bbox 565 1998 619 2038; x_wconf 89' lang='lat' dir='ltr'><strong>et</strong></span> <span class='ocrx_word' id='word_1_191' title='bbox 644 1989 1005 2054; x_wconf 91' lang='lat' dir='ltr'><strong>comprehendi</strong></span> <span class='ocrx_word' id='word_1_192' title='bbox 1029 1990 1193 2036; x_wconf 87' lang='lat' dir='ltr'><strong>multa</strong></span> <span class='ocrx_word' id='word_1_193' title='bbox 1216 2005 1380 2053; x_wconf 89' lang='lat' dir='ltr'><strong>posse.</strong></span> <span class='ocrx_word' id='word_1_194' title='bbox 1441 1989 1503 2036; x_wconf 91' lang='lat' dir='ltr'><strong>In</strong></span> <span class='ocrx_word' id='word_1_195' title='bbox 1528 1989 1710 2053; x_wconf 92' lang='lat' dir='ltr'><strong>quibus</strong></span> <span class='ocrx_word' id='word_1_196' title='bbox 1735 1989 1850 2035; x_wconf 87' lang='lat' dir='ltr'><strong>solis</strong></span> 
     </span>
     <span class='ocr_line' id='line_1_28' title="bbox 347 2056 1851 2120; baseline -0.003 -14"><span class='ocrx_word' id='word_1_197' title='bbox 347 2064 512 2106; x_wconf 87' lang='lat' dir='ltr'><strong>inesse</strong></span> <span class='ocrx_word' id='word_1_198' title='bbox 546 2062 701 2105; x_wconf 89' lang='lat' dir='ltr'><strong>etiam</strong></span> <span class='ocrx_word' id='word_1_199' title='bbox 734 2061 999 2105; x_wconf 87' lang='lat' dir='ltr'><strong>scientiam</strong></span> <span class='ocrx_word' id='word_1_200' title='bbox 1031 2057 1242 2104; x_wconf 80' lang='lat' dir='ltr'><strong>dicimus</strong></span> <span class='ocrx_word' id='word_1_201' title='bbox 1274 2056 1449 2120; x_wconf 88' lang='lat' dir='ltr'><strong>(quam</strong></span> <span class='ocrx_word' id='word_1_202' title='bbox 1478 2073 1568 2103; x_wconf 90' lang='lat' dir='ltr'><strong>nos</strong></span> <span class='ocrx_word' id='word_1_203' title='bbox 1593 2072 1694 2103; x_wconf 91' lang='lat' dir='ltr'><strong>non</strong></span> <span class='ocrx_word' id='word_1_204' title='bbox 1718 2072 1851 2103; x_wconf 90' lang='lat' dir='ltr'><strong>com-</strong></span> 
     </span>
     <span class='ocr_line' id='line_1_29' title="bbox 348 2124 1851 2190; baseline -0.002 -17"><span class='ocrx_word' id='word_1_205' title='bbox 348 2126 738 2190; x_wconf 87' lang='lat' dir='ltr'><strong>prehensionem</strong></span> <span class='ocrx_word' id='word_1_206' title='bbox 761 2126 912 2173; x_wconf 90' lang='lat' dir='ltr'><strong>modo</strong></span> <span class='ocrx_word' id='word_1_207' title='bbox 936 2141 1105 2172; x_wconf 89' lang='lat' dir='ltr'><strong>rerum</strong></span> <span class='ocrx_word' id='word_1_208' title='bbox 1130 2125 1222 2171; x_wconf 90' lang='lat' dir='ltr'><strong>sed</strong></span> <span class='ocrx_word' id='word_1_209' title='bbox 1247 2140 1361 2171; x_wconf 87' lang='lat' dir='ltr'><strong>eam</strong></span> <span class='ocrx_word' id='word_1_210' title='bbox 1385 2124 1622 2171; x_wconf 88' lang='lat' dir='ltr'><strong>stabilem</strong></span> <span class='ocrx_word' id='word_1_211' title='bbox 1647 2138 1851 2187; x_wconf 90' lang='lat' dir='ltr'><strong>quoque</strong></span> 
     </span>
     <span class='ocr_line' id='line_1_30' title="bbox 349 2191 1850 2255; baseline -0.003 -14"><span class='ocrx_word' id='word_1_212' title='bbox 349 2202 403 2242; x_wconf 90' lang='lat' dir='ltr'><strong>et</strong></span> <span class='ocrx_word' id='word_1_213' title='bbox 427 2193 797 2241; x_wconf 84' lang='lat' dir='ltr'><strong>immutabilem</strong></span> <span class='ocrx_word' id='word_1_214' title='bbox 821 2209 930 2240; x_wconf 89' lang='lat' dir='ltr'><strong>esse</strong></span> <span class='ocrx_word' id='word_1_215' title='bbox 955 2191 1259 2255; x_wconf 88' lang='lat' dir='ltr'><strong>censemus),</strong></span> <span class='ocrx_word' id='word_1_216' title='bbox 1280 2195 1510 2255; x_wconf 91' lang='lat' dir='ltr'><strong>itemque</strong></span> <span class='ocrx_word' id='word_1_217' title='bbox 1532 2193 1850 2255; x_wconf 84' lang='lat' dir='ltr'><strong>sapientiam,</strong></span> 
     </span>
    </p>
   </div>
   <div class='ocr_carea' id='block_1_4' title="bbox 914 2309 1285 2363">
    <p class='ocr_par' dir='ltr' id='par_1_5' title="bbox 914 2309 1285 2363">
     <span class='ocr_line' id='line_1_31' title="bbox 914 2309 1285 2363; baseline 0 -13"><span class='ocrx_word' id='word_1_218' title='bbox 914 2311 931 2336; x_wconf 85' lang='lat'>¹</span> <span class='ocrx_word' id='word_1_219' title='bbox 961 2323 1073 2363; x_wconf 84' lang='lat' dir='ltr'><strong>quas</strong></span> <span class='ocrx_word' id='word_1_220' title='bbox 1100 2309 1194 2349; x_wconf 80' lang='lat' dir='ltr'><strong>Wal</strong></span> <span class='ocrx_word' id='word_1_221' title='bbox 1198 2310 1285 2350; x_wconf 80' lang='lat' dir='ltr'><strong>ker.</strong></span> 
     </span>
    </p>
   </div>
   <div class='ocr_carea' id='block_1_5' title="bbox 346 2453 1847 2673">
    <p class='ocr_par' dir='ltr' id='par_1_6' title="bbox 346 2453 1847 2673">
     <span class='ocr_line' id='line_1_32' title="bbox 397 2453 1846 2511; baseline -0.003 -12"><span class='ocrx_word' id='word_1_222' title='bbox 397 2466 416 2485; x_wconf 81' lang='lat'><em>⁰</em></span> <span class='ocrx_word' id='word_1_223' title='bbox 443 2459 627 2511; x_wconf 70' lang='lat' dir='ltr'><strong>Artifex</strong></span> <span class='ocrx_word' id='word_1_224' title='bbox 644 2457 828 2498; x_wconf 82' lang='lat' dir='ltr'><strong>denotes</strong></span> <span class='ocrx_word' id='word_1_225' title='bbox 843 2457 917 2498; x_wconf 82' lang='lat' dir='ltr'><strong>the</strong></span> <span class='ocrx_word' id='word_1_226' title='bbox 939 2469 1126 2509; x_wconf 85' lang='lat' dir='ltr'><strong>pursuer</strong></span> <span class='ocrx_word' id='word_1_227' title='bbox 1141 2456 1192 2496; x_wconf 89' lang='lat' dir='ltr'><strong>of</strong></span> <span class='ocrx_word' id='word_1_228' title='bbox 1206 2469 1265 2496; x_wconf 87' lang='lat' dir='ltr'><strong>an</strong></span> <span class='ocrx_word' id='word_1_229' title='bbox 1281 2469 1370 2503; x_wconf 80' lang='lat' dir='ltr'><strong>ars,</strong></span> <span class='ocrx_word' id='word_1_230' title='bbox 1391 2468 1450 2496; x_wconf 85' lang='lat' dir='ltr'><strong>an</strong></span> <span class='ocrx_word' id='word_1_231' title='bbox 1469 2453 1707 2508; x_wconf 85' lang='lat' dir='ltr'><strong>organized</strong></span> <span class='ocrx_word' id='word_1_232' title='bbox 1727 2453 1846 2507; x_wconf 89' lang='lat' dir='ltr'><strong>body</strong></span> 
     </span>
     <span class='ocr_line' id='line_1_33' title="bbox 346 2508 1847 2564; baseline -0.003 -11"><span class='ocrx_word' id='word_1_233' title='bbox 346 2515 395 2554; x_wconf 91' lang='lat' dir='ltr'><strong>of</strong></span> <span class='ocrx_word' id='word_1_234' title='bbox 424 2512 704 2564; x_wconf 82' lang='lat' dir='ltr'><strong>knowledge,</strong></span> <span class='ocrx_word' id='word_1_235' title='bbox 735 2525 763 2551; x_wconf 86' lang='lat' dir='ltr'><strong>a</strong></span> <span class='ocrx_word' id='word_1_236' title='bbox 792 2513 976 2558; x_wconf 80' lang='lat' dir='ltr'><strong>science,</strong></span> <span class='ocrx_word' id='word_1_237' title='bbox 1007 2510 1203 2551; x_wconf 85' lang='lat' dir='ltr'><strong>whether</strong></span> <span class='ocrx_word' id='word_1_238' title='bbox 1231 2508 1490 2550; x_wconf 84' lang='lat' dir='ltr'><strong>theoretical</strong></span> <span class='ocrx_word' id='word_1_239' title='bbox 1516 2522 1566 2550; x_wconf 92' lang='lat' dir='ltr'><strong>or</strong></span> <span class='ocrx_word' id='word_1_240' title='bbox 1594 2508 1772 2561; x_wconf 85' lang='lat' dir='ltr'><strong>applied</strong></span> <span class='ocrx_word' id='word_1_241' title='bbox 1803 2511 1847 2549; x_wconf 87' lang='lat' dir='ltr'><strong>in</strong></span> 
     </span>
     <span class='ocr_line' id='line_1_34' title="bbox 346 2561 1847 2619; baseline -0.001 -15"><span class='ocrx_word' id='word_1_242' title='bbox 346 2570 550 2619; x_wconf 77' lang='lat' dir='ltr'><strong>practice.</strong></span> <span class='ocrx_word' id='word_1_243' title='bbox 611 2567 652 2607; x_wconf 90' lang='lat' dir='ltr'><strong>It</strong></span> <span class='ocrx_word' id='word_1_244' title='bbox 681 2565 877 2606; x_wconf 77' lang='lat' dir='ltr'><strong>includes</strong></span> <span class='ocrx_word' id='word_1_245' title='bbox 908 2565 1011 2605; x_wconf 85' lang='lat' dir='ltr'><strong>here</strong></span> <span class='ocrx_word' id='word_1_246' title='bbox 1039 2563 1113 2605; x_wconf 86' lang='lat' dir='ltr'><strong>the</strong></span> <span class='ocrx_word' id='word_1_247' title='bbox 1142 2565 1361 2605; x_wconf 87' lang='lat' dir='ltr'><strong>musician</strong></span> <span class='ocrx_word' id='word_1_248' title='bbox 1381 2562 1493 2615; x_wconf 86' lang='lat' dir='ltr'><strong>(also</strong></span> <span class='ocrx_word' id='word_1_249' title='bbox 1518 2561 1733 2616; x_wconf 87' lang='lat' dir='ltr'><strong>regarded</strong></span> <span class='ocrx_word' id='word_1_250' title='bbox 1753 2574 1802 2603; x_wconf 86' lang='lat' dir='ltr'><strong>as</strong></span> <span class='ocrx_word' id='word_1_251' title='bbox 1820 2574 1847 2602; x_wconf 91' lang='lat' dir='ltr'><strong>a</strong></span> 
     </span>
     <span class='ocr_line' id='line_1_35' title="bbox 347 2615 1846 2673; baseline -0.003 -12"><span class='ocrx_word' id='word_1_252' title='bbox 347 2624 481 2673; x_wconf 71' lang='lat' dir='ltr'><strong>poet),</strong></span> <span class='ocrx_word' id='word_1_253' title='bbox 513 2621 594 2662; x_wconf 85' lang='lat' dir='ltr'><strong>but</strong></span> <span class='ocrx_word' id='word_1_254' title='bbox 621 2620 696 2661; x_wconf 88' lang='lat' dir='ltr'><strong>the</strong></span> <span class='ocrx_word' id='word_1_255' title='bbox 725 2621 916 2672; x_wconf 83' lang='lat' dir='ltr'><strong>practice</strong></span> <span class='ocrx_word' id='word_1_256' title='bbox 946 2619 998 2659; x_wconf 88' lang='lat' dir='ltr'><strong>of</strong></span> <span class='ocrx_word' id='word_1_257' title='bbox 1024 2619 1164 2660; x_wconf 89' lang='lat' dir='ltr'><strong>music</strong></span> <span class='ocrx_word' id='word_1_258' title='bbox 1194 2630 1335 2659; x_wconf 86' lang='lat' dir='ltr'><strong>seems</strong></span> <span class='ocrx_word' id='word_1_259' title='bbox 1366 2620 1413 2658; x_wconf 84' lang='lat' dir='ltr'><strong>to</strong></span> <span class='ocrx_word' id='word_1_260' title='bbox 1443 2616 1499 2659; x_wconf 89' lang='lat' dir='ltr'><strong>be</strong></span> <span class='ocrx_word' id='word_1_261' title='bbox 1528 2615 1768 2670; x_wconf 85' lang='lat' dir='ltr'><strong>envisaged</strong></span> <span class='ocrx_word' id='word_1_262' title='bbox 1797 2627 1846 2657; x_wconf 82' lang='lat' dir='ltr'><strong>as</strong></span> 
     </span>
    </p>
   </div>
   <div class='ocr_carea' id='block_1_6' title="bbox 352 2685 446 2738">
    <p class='ocr_par' dir='ltr' id='par_1_7' title="bbox 352 2685 446 2738">
     <span class='ocr_line' id='line_1_36' title="bbox 352 2685 446 2738; baseline 0.032 -9"><span class='ocrx_word' id='word_1_263' title='bbox 352 2685 446 2738; x_wconf 79' lang='lat'><strong>496</strong></span> 
     </span>
    </p>
   </div>
  </div>
 </body>
</html>
