1853 3001
868 208 1120 258 CICERO

250 340 567 403 pyramidem
627 339 962 403 pulchriorem
1024 357 1177 404 quam
1237 340 1504 404 sphaeram
1566 340 1738 388 videri.

251 411 449 459 Novum
510 416 665 460 etiam
725 413 980 460 oculorum
1039 414 1278 460 iudicium
1341 412 1571 460 habetis!
1639 411 1740 460 Sed

249 487 350 531 sint
385 488 482 532 ista
518 484 799 548 pulchriora
836 487 1106 533 dumtaxat
1149 484 1578 549 aspectU‚—quod
1617 482 1740 529 mihi

251 563 424 603 tamen
461 562 624 620 ipsum
661 576 762 606 non
799 559 1015 616 videtur,
1056 560 1177 622 quid
1220 563 1352 605 enim
1390 556 1641 620 pulchrius
1679 572 1741 603 ea

251 629 411 694 figura
429 648 558 694 quae
577 630 680 678 sola
698 634 857 678 omnis
877 631 995 678 alias
1014 632 1197 696 figuras
1218 631 1479 694 complexa
1497 633 1743 687 continet,

252 718 485 765 quaeque
536 703 658 749 nihil
709 707 995 767 asperitatis
1046 703 1235 751 habere
1285 703 1407 750 nihil
1457 701 1741 749 offensionis

251 781 439 837 potest,
477 774 599 821 nihil
634 779 845 822 incisum
884 776 1077 839 angulis
1116 776 1238 822 nihil
1275 774 1582 822 anfractibus
1620 771 1743 819 nihil

253 850 478 893 eminens
529 846 650 894 nihil
699 847 1033 894 lacunosum?
1102 864 1318 911 cumque
1368 848 1500 894 duae
1548 844 1741 892 formae

251 926 572 981 praestantes
608 923 724 974 sint,
752 924 814 966 ei<
849 919 1015 966 solidis
1042 921 1219 983 globus
1247 921 1336 979 (sic
1370 923 1504 966 enim
1528 921 1743 978 σφαῖραν

251 993 576 1053 interpretari
619 991 826 1055 placet),
871 1009 934 1039 ex
978 992 1137 1055 planis
1183 1000 1356 1040 autem
1400 991 1609 1039 circulus
1653 998 1744 1039 aut

252 1063 401 1119 orbis,
435 1067 520 1126 qui
560 1063 736 1114 κύκλος
776 1064 970 1111 Graece
1004 1065 1203 1119 dicitur,
1235 1064 1310 1111 his
1343 1064 1538 1111 duabus
1570 1063 1742 1111 formis

253 1138 503 1198 contingit
535 1135 648 1182 solis
682 1143 740 1183 ut
773 1153 946 1184 omnes
981 1153 1154 1183 earum
1186 1144 1357 1200 partes
1390 1139 1490 1183 sint
1522 1139 1656 1183 inter
1687 1151 1742 1183 se

253 1207 552 1254 simillumae
579 1224 608 1254 a
631 1209 902 1271 medioque
928 1209 1254 1255 tantundem¹
1281 1208 1413 1255 absit
1449 1212 1743 1259 <omne>²

175 1285 230 1324 48
256 1287 560 1335 extremum,
588 1296 687 1343 quo
713 1279 834 1326 nihil
861 1281 966 1327 fieri
996 1287 1168 1343 potest
1196 1281 1519 1343 aptius—sed
1551 1285 1590 1327 si
1617 1281 1744 1328 haec

256 1367 354 1396 non
375 1351 573 1406 videtis,
594 1354 712 1414 quia
737 1367 1014 1414 numquam
1041 1353 1294 1398 eruditum
1320 1352 1458 1398 illum
1483 1351 1744 1415 pulverem

254 1427 512 1486 attigistis,
534 1440 597 1470 ne
618 1423 711 1471 hoc
733 1425 938 1487 quidem
960 1424 1150 1488 physici
1172 1425 1470 1489 intellegere
1491 1428 1744 1487 potuistis,

255 1494 382 1541 hanc
437 1495 854 1559 aequabilitatem
901 1505 1068 1543 motus
1117 1501 1556 1560 constantiamque
1615 1497 1745 1544 ordi-

254 1584 374 1613 num
417 1571 468 1614 in
512 1568 607 1613 alia
651 1568 812 1631 figura
854 1586 954 1616 non
996 1572 1220 1631 potuisse
1263 1570 1490 1616 servari?
1560 1569 1743 1632 Itaque

256 1638 375 1685 nihil
418 1647 589 1701 potest
628 1657 736 1688 esse
775 1642 1023 1688 indoctius
1062 1659 1214 1704 quam
1252 1643 1388 1705 quod
1421 1659 1450 1688 a
1486 1643 1620 1689 vobis
1655 1643 1743 1689 ad-

256 1710 438 1757 firmari
477 1712 636 1760 solet:
680 1729 771 1759 nec
815 1716 948 1759 enim
990 1712 1123 1759 hunc
1165 1716 1329 1774 ipsum
1365 1714 1608 1761 mundum
1653 1730 1741 1776 pro

255 1790 392 1829 certo
429 1784 703 1830 rotundum
742 1800 850 1830 esse
889 1785 1070 1839 dicitis,
1108 1802 1226 1830 nam
1263 1802 1408 1848 posse
1447 1786 1554 1832 fieri
1590 1792 1648 1832 ut
1677 1789 1743 1832 sit

255 1854 350 1901 alia
388 1855 563 1919 figura,
596 1857 1090 1920 innumerabilesque
1127 1858 1339 1905 mundos
1377 1858 1497 1905 alios
1533 1857 1743 1904 aliarum

171 1933 225 1972 49
252 1943 360 1974 esse
392 1925 680 1975 formarum.
752 1929 896 1987 Quae
928 1933 968 1976 si
999 1929 1074 1976 bis
1106 1929 1225 1976 bina
1257 1937 1382 1993 quot
1414 1936 1585 1976 essent
1616 1929 1743 1976 didi-

255 2003 404 2046 cissct
437 1999 681 2062 Epicurus
715 2008 853 2048 certe
886 2018 986 2048 non
1019 2001 1247 2057 diceret;
1297 2001 1387 2048 sed
1419 2001 1539 2048 dum
1572 2000 1743 2064 palato

258 2077 379 2139 quid
421 2079 487 2123 sit
529 2081 776 2138 optimum
820 2078 1026 2133 iudicat,
1066 2076 1224 2124 ‘caeli
1266 2076 1528 2140 palatum,’
1567 2085 1624 2125 ut
1671 2081 1744 2126 ait

258 2147 471 2203 Ennius,
496 2164 595 2194 non
618 2152 860 2211 suspexit.

321 2218 460 2265 XIX.
501 2219 528 2234 ‘¹
549 2219 679 2265 Nam
699 2236 812 2266 cum
833 2220 932 2266 duo
952 2223 1053 2266 sint
1071 2236 1261 2284 genera
1277 2220 1515 2276 siderum,
1532 2236 1744 2284 quorum

373 2347 390 2373 ²
421 2347 680 2388 tantundem
710 2348 923 2400 Madviyz
956 2352 1144 2390 tantum.
1263 2348 1280 2373 ⁸
1309 2348 1412 2389 add.
1433 2349 1627 2401 Brieyer.

319 2500 336 2518 ‘³
370 2496 558 2536 Ancient
598 2497 934 2548 geometricians
975 2493 1094 2536 drew
1134 2495 1247 2536 their
1287 2495 1513 2549 diagrams
1554 2497 1599 2537 in
1640 2496 1741 2539 dust

259 2548 487 2600 sprinkled
509 2562 565 2590 on
588 2563 613 2589 a
635 2549 788 2596 board,
810 2563 860 2590 or
879 2562 936 2590 on
958 2549 1031 2590 the
1050 2549 1239 2602 ground.

273 2612 360 2660 168
