1919 3006
940 191 1192 239 CICERO

314 340 452 371 mam
468 323 648 370 iudico.
701 322 809 369 Aut
827 324 962 368 enim
978 320 1094 368 huic
1112 324 1272 368 aetati
1287 320 1382 367 hoc
1397 323 1619 367 maxime
1637 327 1815 383 aptum

318 404 413 454 est,
440 404 529 444 aut
553 400 611 443 iis
636 396 787 443 rebus
821 398 862 442 si
895 412 1020 458 quas
1055 396 1232 459 dignas
1264 394 1416 441 laude
1445 397 1691 458 gessimus
1720 393 1816 440 hoc

316 473 369 520 in
403 475 575 535 primis
613 477 1031 526 consentaneum,
1058 477 1147 517 aut
1174 473 1330 516 etiam
1364 470 1429 516 ad
1460 477 1656 516 nostros
1682 472 1814 515 cives

317 546 618 594 erudiendos
641 545 764 592 nihil
786 545 975 600 utilius,
999 551 1088 591 aut
1110 548 1150 591 si
1171 543 1298 590 haec
1319 547 1393 591 ita
1414 561 1515 590 non
1536 550 1672 599 sunt,
1694 542 1817 589 nihil

242 632 293 671 12
319 622 455 668 aliud
493 621 640 668 video
680 620 815 683 quod
857 636 1009 683 agere
1048 623 1310 682 possimus.
1383 618 1569 665 Brutus
1610 619 1816 682 quidem

318 704 507 752 noster,
529 696 779 742 excellens
801 698 936 742 omni
955 711 1145 758 genere
1163 695 1343 750 laudis,
1363 698 1432 740 sic
1450 693 1819 757 philosophiam

319 771 515 818 Latinis
546 771 730 817 litteris
762 773 1085 833 persequitur
1116 768 1239 815 nihil
1271 776 1329 815 ut
1360 770 1539 816 iisdem
1571 769 1636 816 de
1667 769 1818 815 rebus

321 846 519 893 Graeca
561 845 856 901 desideres,1
901 851 955 891 et
999 844 1215 891 eandem
1258 844 1465 907 quidem
1507 847 1818 890 sententiam

320 924 550 983 sequitur
587 936 740 982 quam
766 926 842 974 tu,
868 935 987 964 nam
1013 919 1242 965 Aristum
1269 917 1485 965 Athenis
1514 918 1706 965 audivit
1733 918 1819 964 ali-

319 995 579 1059 quamdiu,
597 998 735 1040 cuius
756 1001 815 1040 tu
835 992 1048 1040 fratrem
1067 992 1391 1040 Antiochum.
1448 993 1615 1052 Quam
1631 994 1695 1040 ob
1710 1009 1820 1040 rem

320 1071 402 1126 da,
428 1086 634 1133 quaeSO,
659 1076 714 1116 te
738 1068 855 1115 huic
882 1072 1038 1114 etiam
1062 1071 1239 1132 generi
1262 1067 1600 1115 litterarum.”

245 1156 295 1196 13
386 1145 470 1192 IV.
507 1145 637 1191 Tum
660 1144 744 1190 ille
768 1143 795 1159 “
823 1144 961 1190 Istuc
985 1144 1192 1206 quidem
1216 1143 1561 1199 considerabo,
1585 1160 1679 1190 nec
1702 1160 1821 1191 vero

320 1224 428 1267 sine
465 1227 535 1267 te.
607 1218 708 1266 Sed
745 1219 809 1266 de
846 1226 901 1265 te
937 1222 1045 1281 ipso
1083 1219 1206 1281 quid
1244 1217 1373 1274 est,''
1411 1222 1593 1281 inquit,
1632 1217 1822 1282 “quod

321 1296 470 1343 audio
494 1295 512 1341 ?
538 1294 565 1310 ”
628 1294 654 1310 “
681 1293 967 1353 Quanam,’'
996 1297 1222 1356 inquam,
1251 1293 1278 1309 “
1304 1294 1368 1340 de
1395 1310 1450 1340 re
1474 1295 1492 1340 ?
1517 1293 1545 1309 ”
1607 1293 1634 1310 “
1660 1294 1823 1341 Relic-

320 1378 429 1418 tam
465 1387 494 1417 a
527 1377 582 1417 te
617 1377 846 1416 veterem
881 1369 1250 1424 Academiam,2
1276 1367 1303 1384 ”
1339 1372 1522 1432 inquit,
1558 1368 1820 1417 “tractari

321 1453 496 1493 autem
516 1442 750 1492 novam.''
804 1443 832 1460 “
858 1443 994 1502 Quid
1015 1460 1135 1507 ergo
1159 1444 1177 1489 ?
1202 1442 1231 1458 ’'
1269 1447 1495 1507 inquam,
1516 1443 1543 1460 “
1569 1444 1823 1493 Antiocho

321 1522 374 1569 id
392 1524 553 1584 magis
572 1520 771 1566 licuerit
790 1526 962 1566 nostro
981 1518 1232 1574 familiari,
1250 1523 1526 1582 remigrare
1545 1523 1597 1566 in
1616 1520 1823 1568 domum

322 1604 551 1643 veterem
595 1611 622 1642 e
664 1611 810 1650 nova,
848 1611 1002 1657 quam
1043 1595 1186 1641 nobis
1228 1597 1280 1640 in
1322 1611 1504 1641 novam
1541 1611 1570 1641 e
1606 1596 1822 1643 vetere?

321 1671 476 1719 Certe
516 1673 650 1717 enim
687 1673 1036 1716 recentissima
1075 1685 1310 1732 quaeque
1349 1676 1468 1717 sunt
1506 1677 1732 1718 correcta
1771 1677 1825 1719 et

324 1746 599 1793 emendata
636 1747 894 1799 maxime3
953 1760 1263 1807 quamquam
1303 1743 1542 1791 Antiochi
1579 1748 1825 1808 magister

323 1821 482 1876 Philo,
503 1836 718 1883 magnus
739 1822 813 1865 vir
833 1825 891 1866 ut
911 1826 970 1865 tu
993 1822 1251 1866 existimas
1273 1822 1398 1881 ipse,
1420 1826 1578 1883 negat
1598 1823 1651 1866 in
1669 1820 1825 1877 libris,

323 1895 459 1958 quod
501 1911 669 1941 coram
707 1896 863 1939 etiam
901 1909 963 1939 ex
1000 1896 1108 1956 ipso
1149 1893 1497 1949 audiebamus,
1534 1894 1658 1940 duas
1695 1895 1824 1941 Aca-

323 1970 515 2017 demias
565 1984 692 2023 esse,
737 1983 1060 2030 erroremque
1104 1983 1277 2014 eorum
1325 1970 1411 2030 qui
1457 1971 1531 2014 ita
1576 1975 1826 2030 putarunt

324 2041 606 2106 coarguit.''
679 2040 872 2097 “Est‚''
916 2045 1099 2104 inquit,
1137 2040 1244 2088 “ut
1285 2041 1424 2097 dicis,
1460 2042 1552 2089 sed
1591 2045 1825 2106 ignorare

324 2124 379 2164 te
416 2133 517 2163 non
553 2117 768 2163 arbitror
804 2132 936 2178 quae
973 2123 1149 2162 contra
1186 2121 1265 2161 ea³
1292 2115 1512 2162 Philonis
1543 2115 1824 2164 Antiochus

249 2201 301 2242 14
325 2189 630 2254 scripserit.”
702 2189 729 2205 “
756 2189 919 2236 Immo
949 2205 1067 2236 vero
1101 2196 1155 2236 et
1187 2192 1286 2236 ista
1316 2196 1369 2236 et
1401 2196 1567 2236 totam
1596 2197 1823 2238 veterem

659 2287 675 2311 ¹
706 2287 885 2326 Aldus:
919 2285 1107 2327 Graecia
1128 2285 1347 2326 desideret
1366 2287 1489 2327 codd.

469 2342 485 2366 ²
516 2340 809 2382 Academiam
830 2339 1428 2435 ξεὲιὲἰὲἕέθέἓῗεωῌὲῑζῗῖυὶρι
1461 2343 1551 2381 iam
1571 2341 1695 2383 codd.

442 2506 461 2526 ⁰
490 2499 743 2543 Succeeded
765 2499 1012 2577 Αηῒίῗοῇυε
1025 2511 1079 2593 fas
1099 2498 1283 2593 hefftssf
1298 2499 1372 2540 the
1392 2498 1481 2542 Old
1501 2499 1747 2553 Academy.

920 2566 1005 2600 ια,
1046 2566 1140 2593 rom
1246 2566 1351 2595 leus.

332 2614 428 2656 422
