1919 3006
872 151 1123 199 CICERO

247 298 349 328 non
371 281 521 346 sum]l
545 298 639 328 nec
659 280 786 328 haec
808 282 927 328 urbs
949 298 1043 327 nec
1068 284 1120 326 in
1144 297 1205 327 ea
1226 279 1436 326 civitas)
1490 280 1621 326 Tum
1642 278 1743 327 illex

248 364 258 381 ⁸
283 366 415 413 Huic
457 365 624 413 Stoico
666 383 767 412 non
808 364 1025 412 videris.'
1101 364 1403 412 Aristoteles
1446 371 1536 411 aut
1575 365 1744 411 Xeno-

247 458 429 507 crates,
470 468 595 514 quos
635 449 917 498 Antiochus
958 453 1102 513 sequi
1142 449 1362 505 volebat,
1403 466 1505 496 non
1544 449 1745 497 dubita-

247 539 401 583 visset
425 539 547 599 quin
572 543 626 582 et
648 543 854 598 praetor
877 534 960 581 ille
987 542 1123 581 esset
1147 541 1202 581 et
1225 534 1387 581 Roma
1410 535 1528 580 urbs
1554 541 1608 581 et
1632 551 1746 581 eam

246 624 420 668 civitas
448 620 693 667 incoleret
716 636 727 676 3
775 620 866 666 sed
892 619 975 666 ille
1004 627 1177 666 noster
1206 626 1285 665 est
1311 618 1481 681 plane,
1509 626 1568 665 ut
1596 635 1747 681 supra

146 713 224 751 138
246 703 367 758 dixi,
396 702 609 757 Stoicus,
638 718 895 764 perpauca
921 700 1226 748 balbutiens.
1290 700 1390 747 Vos
1421 707 1594 747 autem
1622 699 1744 746 mihi

246 791 442 834 verenti
465 803 530 833 ne
553 786 695 833 labar
720 787 785 833 ad
808 789 1155 849 opinationem
1180 792 1234 832 et
1258 784 1448 848 aliquid
1472 785 1746 832 adsciscam

247 879 301 919 et
325 872 650 934 comprobem
669 875 983 934 incognitum
1006 870 1164 934 (quod
1188 873 1395 916 minime
1415 869 1604 935 vultis),
1625 870 1747 933 quid

245 957 434 1004 consilii
460 958 591 1004 datis
615 958 633 1003 ?
696 956 937 1003 Testatur
962 972 1115 1018 saepe
1141 954 1452 1019 Chrysippus
1481 962 1586 1001 tres
1617 954 1747 1002 solas

247 1059 356 1089 esse
411 1045 693 1089 sententias
747 1057 878 1104 quae
934 1039 1142 1087 defendi
1194 1044 1389 1103 possint
1442 1040 1507 1087 de
1562 1040 1744 1088 finibus

244 1129 509 1184 bonorum,
556 1126 868 1174 circumcidit
915 1133 970 1172 et
1017 1132 1252 1188 amputat
1297 1124 1746 1172 multitudinem-—

245 1220 336 1260 aut
363 1216 498 1259 enim
523 1212 850 1259 honestatem
877 1227 987 1257 esse
1015 1211 1169 1257 finem
1197 1217 1286 1257 aut
1311 1210 1629 1273 voluptatem
1657 1218 1747 1258 aut

245 1305 519 1361 utrumque
543 1313 554 1353 ;
600 1314 719 1343 nam
746 1299 830 1360 qui
860 1313 1113 1343 summum
1139 1296 1329 1342 bonum
1357 1295 1529 1342 dicant
1554 1295 1608 1342 id
1634 1312 1745 1343 esse

244 1386 286 1430 si
329 1399 566 1429 vacemus
611 1384 748 1429 omni
790 1380 1041 1437 molestia,
1087 1397 1171 1427 eos
1215 1380 1515 1427 invidiosum
1558 1396 1745 1427 nomen

244 1467 519 1531 voluptatis
566 1466 764 1530 fugere,
812 1466 904 1513 sed
949 1469 1001 1512 in
1048 1469 1308 1512 vicinitate
1357 1469 1560 1522 versari,
1609 1466 1743 1529 quod

244 1552 411 1600 facere
463 1568 548 1599 eos
601 1555 758 1599 etiam
809 1554 895 1614 qui
946 1551 1071 1598 illud
1119 1551 1256 1598 idem
1307 1567 1422 1597 cum
1472 1550 1744 1598 honestate

244 1641 627 1701 coniungerent,
650 1653 745 1683 nec
765 1636 926 1683 multo
950 1652 1092 1682 secus
1116 1652 1201 1682 eos
1224 1638 1310 1699 qui
1333 1636 1398 1682 ad
1418 1635 1743 1682 honestatem

243 1726 406 1786 prima
466 1729 680 1769 naturae
742 1721 1007 1768 commoda
1068 1721 1406 1784 adiungerent
1429 1736 1441 1776 3
1519 1724 1594 1767 ita
1653 1723 1744 1768 tris

243 1807 484 1871 relinquit
529 1809 810 1854 sententias
857 1823 981 1870 quas
1025 1813 1178 1868 putet
1221 1805 1551 1868 probabiliter
1594 1821 1742 1868 posse

139 1903 218 1943 139
244 1892 464 1940 defendi.
539 1891 616 1938 Sit
654 1907 775 1938 sane
814 1894 904 1947 ita,
945 1907 1256 1954 quamquam
1295 1907 1326 1937 a
1364 1890 1648 1938 Polemonis
1689 1898 1744 1938 et

243 1977 696 2040 Peripateticorum
716 1983 770 2023 et
789 1975 1027 2023 Antiochi
1047 1976 1229 2022 finibus
1247 1992 1348 2022 non
1367 1974 1514 2022 facile
1534 1974 1743 2022 divellor

243 2079 337 2109 nec
401 2065 671 2125 quicquam
734 2060 899 2107 habeo
965 2060 1128 2107 adhuc
1191 2060 1739 2123 probabilius—verum

243 2154 418 2195 tamen
441 2147 588 2193 video
621 2163 774 2209 quam
800 2148 1021 2192 suaviter
1046 2144 1277 2207 voluptas
1303 2145 1530 2192 sensibus
1556 2147 1738 2191 nostris

244 2232 548 2279 blandiatur.
637 2230 804 2276 Labor
855 2246 915 2276 eo
966 2237 1025 2276 ut
1076 2230 1331 2277 adsentiar
1381 2229 1597 2291 Epicuro
1649 2235 1738 2275 aut

244 2318 503 2378 Aristippo
528 2331 539 2362 ε
581 2322 785 2362 revocat
808 2318 965 2361 virtus
990 2313 1069 2360 vel
1092 2317 1260 2377 potius
1283 2313 1544 2376 reprendit
1566 2329 1738 2369 manu,

244 2401 496 2463 pecudum
521 2399 629 2446 illos
655 2407 823 2447 motus
850 2415 959 2446 esse
987 2399 1126 2455 dicit,
1150 2397 1408 2445 hominem
1432 2400 1598 2462 iungit
1623 2397 1736 2445 deo.

846 2504 862 2529 ²
890 2503 1021 2544 Reid.

245 2558 343 2607 646
