1919 3006
951 195 1203 244 CICERO

328 325 417 373 das
447 341 705 388 accepero,
734 327 1020 388 sapientem
1047 323 1171 371 nihil
1199 327 1410 388 opinari,
1439 323 1678 373 effectum
1703 324 1825 373 illud

329 427 443 479 erit,
497 426 781 486 sapientem
836 423 1078 470 adsensus
1131 438 1306 470 omnes
1359 421 1715 480 cohibiturum,
1767 429 1827 470 ut

329 522 603 569 videndum
634 521 728 568 tibi
760 523 827 568 sit
856 521 975 568 idne
1007 519 1151 567 malis
1185 537 1249 567 an
1281 519 1472 584 aliquid
1502 524 1826 584 opinaturum

329 636 439 667 esse
499 622 799 682 sapientem.
903 618 914 635 ‘
939 617 1227 676 Neutrum,'
1285 621 1502 682 inquies,
1560 617 1570 635 ‘
1594 616 1827 665 illorum.'

330 718 565 765 Nitamur
603 720 760 782 igitur
799 716 923 763 nihil
961 732 1109 781 posse
1148 719 1376 780 percipi;
1434 719 1627 765 etenim
1666 717 1731 764 de
1772 732 1834 763 eo

329 819 490 863 omnis
516 822 595 863 est
619 818 974 863 controversia.

252 924 305 964 69
393 913 564 962 XXII.
602 912 630 930 “
655 912 757 961 Sed
785 916 922 977 prius
951 929 1116 976 pauca
1144 930 1259 961 cum
1289 911 1560 970 Antiocho,
1591 916 1677 977 qui
1705 912 1834 961 haec

329 1016 440 1076 ipsa
461 1027 592 1076 quae
615 1028 645 1059 a
664 1028 748 1059 me
770 1010 1118 1059 defenduntur
1139 1018 1193 1059 et
1214 1011 1390 1059 didicit
1411 1011 1548 1075 apud
1569 1010 1832 1059 Philonem

330 1117 439 1158 tam
472 1111 560 1158 diu
593 1117 652 1158 ut
685 1117 944 1158 constaret
978 1110 1167 1157 diutius
1202 1110 1435 1157 didicisse
1469 1112 1744 1166 neminem,
1779 1115 1833 1157 et

330 1212 528 1272 scripsit
564 1209 628 1256 de
664 1207 741 1255 his
775 1209 927 1255 rebus
965 1211 1270 1265 acutissime,
1309 1215 1363 1256 et
1396 1208 1535 1255 idem
1569 1206 1696 1255 haec
1731 1223 1833 1254 non

330 1310 489 1355 acrius
527 1309 782 1354 accusavit
815 1309 869 1353 in
893 1313 1160 1354 senectute
1197 1322 1352 1370 quam
1376 1313 1533 1354 antea
1557 1305 1833 1353 defensita-

329 1413 486 1453 verat.
557 1404 798 1464 Quamvis
829 1407 987 1469 igitur
1015 1403 1171 1452 fuerit
1200 1411 1396 1461 acutus,
1425 1411 1485 1452 ut
1512 1403 1627 1461 fuit,
1656 1410 1833 1451 tamen

328 1507 670 1552 inconstantia
695 1503 894 1551 levatur
922 1506 1213 1550 auctoritas.
1284 1502 1409 1561 Quis
1438 1505 1574 1550 enim
1599 1505 1697 1550 iste
1725 1502 1833 1550 dies

327 1602 568 1649 inluxerit
593 1618 783 1665 quaero
809 1605 896 1665 qui
922 1601 993 1647 illi
1018 1601 1302 1648 ostenderit
1329 1617 1443 1648 eam
1468 1617 1622 1664 quam
1645 1599 1832 1647 multos

330 1717 486 1748 annos
514 1716 623 1748 esse
649 1702 983 1764 negitavisset
1008 1702 1113 1746 veri
1139 1706 1194 1746 et
1218 1698 1330 1746 falsi
1355 1705 1547 1746 notam.
1614 1698 1832 1762 Excogi-

329 1801 460 1846 tavit
486 1798 717 1861 aliquid?
785 1797 982 1845 Eadem
1015 1798 1138 1845 dicit
1170 1813 1303 1861 quae
1332 1796 1501 1844 Stoici.
1571 1795 1833 1843 Paenituit

328 1897 414 1944 illa
458 1896 715 1944 sensisse?
784 1895 885 1943 Cur
929 1912 1031 1943 non
1076 1911 1130 1943 se
1175 1894 1438 1943 transtulit
1483 1894 1549 1942 ad
1593 1893 1732 1950 alios,
1777 1900 1832 1941 et

329 1998 550 2042 maxime
571 1995 636 2042 ad
652 1993 845 2042 Stoicos
869 1994 887 2040 Ρ
926 2010 1100 2040 eorum
1120 1996 1255 2040 enim
1274 2000 1385 2040 erat
1400 1995 1604 2056 propria
1619 1995 1718 2039 ista
1735 1992 1832 2039 dis-

330 2096 510 2140 sensio.
581 2092 757 2151 Quid?
808 2108 925 2139 eum
955 2090 1246 2139 Mnesarchi
1274 2091 1616 2155 paenitebat?
1665 2089 1829 2154 quid?

331 2191 558 2238 Dardani
580 2191 598 2238 ?
635 2193 720 2254 qui
738 2197 884 2238 erant
900 2188 1117 2237 Athenis
1134 2197 1246 2237 tum
1260 2192 1511 2253 principes
1527 2187 1824 2235 Stoicorum.

329 2289 620 2352 Numquam
648 2305 678 2335 a
703 2287 913 2335 Philone
940 2288 1185 2344 discessit,
1211 2290 1307 2334 nisi
1331 2294 1512 2350 postea
1538 2303 1691 2350 quam
1715 2289 1824 2349 ipse

253 2395 306 2437 70
329 2391 498 2450 coepit
528 2390 614 2450 qui
644 2403 698 2433 se
730 2386 965 2433 audirent
994 2385 1199 2433 habere.
1270 2385 1422 2433 Unde
1454 2391 1627 2431 autem
1658 2385 1825 2430 subito

331 2493 476 2532 vetus
504 2484 783 2532 Academia
809 2491 1048 2531 revocata
1076 2490 1154 2531 est
1177 2483 1196 2530 ?
1265 2482 1492 2530 Nominis
1521 2482 1826 2546 dignitatem

339 2629 434 2672 554
