1853 3001
863 224 1115 272 CICERO

243 363 355 405 tum
385 354 512 403 caeli
544 354 775 402 ardorem
806 354 961 401 deum
991 354 1116 401 dicit
1146 369 1274 409 esse,
1305 370 1405 400 non
1434 352 1739 417 intellegens

243 423 441 472 caelum
489 422 667 469 mundi
716 437 826 468 esse
875 428 1077 483 partem
1125 437 1280 484 quem
1329 420 1425 467 alio
1473 419 1582 467 loco
1629 423 1739 483 ipse

243 491 523 554 designarit
545 490 713 536 deum.
784 488 897 546 Quo
919 489 1070 535 modo
1093 495 1268 534 autem
1290 487 1416 534 caeli
1437 487 1633 534 divinus
1653 487 1738 534 ille

243 574 418 606 sensus
461 560 514 603 in
556 555 820 603 celeritate
862 562 1012 602 tanta
1052 558 1336 601 conservari
1376 555 1590 618 potest?
1651 555 1738 601 ubi

244 625 430 673 deinde
451 623 521 670 illi
543 630 623 670 tot
645 624 714 679 di,
736 626 777 669 si
798 637 1123 669 numeramus
1146 626 1303 669 etiam
1324 621 1522 668 caelum
1543 622 1696 668 deum
1718 621 1738 668 ?

244 709 361 739 cum
389 698 564 738 autem
592 694 700 737 sine
728 705 935 752 corpore
963 690 1101 736 idem
1128 689 1237 736 vult
1265 705 1376 736 esse
1404 689 1576 744 deum,
1603 691 1740 735 omni

243 759 385 806 illum
411 775 562 806 sensu
595 760 780 820 privat,
812 760 1060 819 <privat>1
1087 760 1244 803 etiam
1268 756 1557 819 prudentia.
1626 755 1741 814 Quo

244 843 393 889 porro
432 826 585 872 modo
626 823 907 888 [mundus]2
946 827 1139 870 moveri
1178 840 1354 870 carens
1389 838 1615 885 corpore,
1651 828 1742 870 aut

246 910 346 956 quo
374 893 526 939 modo
554 907 756 953 semper
783 907 837 938 se
866 907 1074 937 movens
1104 907 1214 937 esse
1243 894 1446 953 quietus
1476 897 1531 937 et
1557 890 1741 936 beatus

167 967 222 1008 34
245 967 418 1022 potest
441 960 458 1006 ?
527 958 635 1005 Nec
663 975 782 1004 vero
813 961 919 1004 eius
949 957 1317 1020 condiscipulus
1346 957 1660 1004 Xenocrates
1689 960 1742 1002 in

244 1027 339 1074 hoc
376 1042 567 1090 genere
602 1025 918 1088 prudentior,
955 1028 1096 1072 cuius
1131 1028 1185 1071 in
1221 1024 1358 1071 libris
1396 1027 1484 1087 qui
1519 1031 1639 1071 sunt
1676 1024 1741 1071 de

245 1101 429 1141 natura
451 1094 662 1141 deorum
682 1091 820 1139 nulla
840 1095 1033 1154 species
1055 1092 1224 1139 divina
1245 1092 1547 1138 describitur
1567 1106 1580 1146 3
1619 1091 1741 1138 deos

246 1164 382 1209 enim
409 1167 524 1207 octo
553 1176 663 1207 esse
691 1160 831 1215 dicit,
858 1162 1083 1223 quinque
1112 1175 1196 1205 eos
1225 1162 1311 1222 qui
1337 1162 1390 1205 in
1416 1157 1573 1206 stellis
1601 1161 1742 1221 vagis

245 1233 553 1282 moventur,³
569 1244 727 1274 unum
744 1230 829 1289 qui
847 1243 911 1272 ex
926 1227 1158 1273 omnibus
1173 1227 1421 1273 sideribus
1439 1241 1572 1289 quae
1586 1225 1743 1272 infixa

245 1295 387 1343 caelo
425 1301 546 1342 sunt
584 1310 648 1341 ex
687 1295 924 1356 dispersis
963 1297 1107 1357 quasi
1144 1294 1385 1340 membris
1422 1291 1638 1355 simplex
1677 1295 1744 1339 sit

245 1362 504 1426 putandus
523 1362 667 1417 deus,
684 1365 961 1424 septimum
979 1360 1138 1408 solem
1156 1361 1391 1424 adjungit
1407 1367 1744 1422 octavamque

246 1429 455 1485 lunam3
508 1432 595 1491 qui
629 1445 730 1491 quo
764 1445 915 1475 sensu
948 1429 1090 1475 beati
1125 1444 1235 1474 esse
1267 1430 1480 1490 possint,
1513 1426 1744 1490 intellegi

247 1514 350 1544 non
396 1502 586 1559 potest.
654 1495 734 1542 Ex
782 1496 964 1542 eadem
1013 1495 1238 1542 Platonis
1286 1494 1456 1542 schola
1503 1494 1743 1541 Ponticus

248 1563 544 1611 Heraclides
562 1562 839 1625 puerilibus
858 1562 1041 1609 fabulis
1059 1561 1262 1608 refersit
1279 1561 1431 1609 libros
1452 1568 1506 1608 et
1525 1559 1742 1626 [tamen]

247 1632 419 1678 modo⁴¹
454 1631 720 1686 mundum,
755 1637 868 1676 tum
903 1637 1133 1676 mentem
1169 1630 1390 1676 divinam
1427 1644 1537 1675 esse
1571 1635 1742 1691 putat,

246 1698 532 1745 errantibus
557 1701 715 1744 etiam
737 1696 895 1743 stellis
920 1697 1243 1744 divinitatem
1265 1697 1464 1752 tribuit,
1486 1711 1742 1759 sensuque

245 1767 400 1814 deum
435 1768 603 1827 privat
640 1771 694 1811 et
732 1767 839 1811 eius
876 1763 1092 1810 formam
1127 1763 1429 1810 mutabilem
1466 1778 1577 1809 esse
1614 1762 1742 1819 vult,

246 1833 532 1895 eodemque
557 1835 610 1878 in
634 1831 761 1878 libro
787 1848 956 1878 rursus
983 1839 1174 1878 terram
1201 1838 1256 1878 et
1281 1830 1478 1877 caelum
1503 1828 1662 1876 refert
1687 1833 1740 1875 in

167 1907 221 1946 35
246 1901 384 1947 deos.
460 1899 569 1946 Nec
606 1915 724 1945 vero
770 1897 1106 1961 Theophrasti
1151 1900 1493 1945 inconstantia
1528 1895 1742 1943 ferenda

247 1974 326 2014 est
349 1982 360 2021 ;
402 1967 555 2013 1110ᾱο
581 1969 717 2012 6111111
741 1969 903 2012 menti
929 1966 1155 2012 divinum
1178 1966 1360 2012 tribuit
1382 1967 1741 2027 principatum,

245 2034 396 2081 modo
423 2033 582 2088 03610,
609 2040 721 2079 tum
750 2040 924 2080 autem
951 2036 1106 2096 signis
1134 2033 1484 2095 sideribusque
1510 2030 1741 2078 caelesti-

307 2151 324 2176 ²
354 2152 407 2191 ci.
430 2150 652 2200 Plasbery.
1070 2151 1086 2174 ²
1117 2149 1353 2202 Heindorf.

306 2205 323 2229 ³
354 2209 586 2244 moventur
604 2203 748 2244 Reid:
788 2205 1086 2244 nominantur.

306 2259 322 2283 ⁴
355 2257 539 2310 [tamen]
587 2257 719 2297 modo
765 2258 892 2297 edd.:
956 2262 1052 2297 tum
1095 2257 1242 2305 modo,
1286 2261 1383 2298 tum
1429 2257 1558 2298 deta:
1604 2256 1738 2298 modo

251 2312 485 2359 mundum,
506 2316 603 2352 tum
624 2316 772 2351 autem
794 2312 1030 2362 Dieckhoff.

311 2471 331 2489 ‘²
360 2465 570 2506 Aristotle
597 2464 829 2517 explained
858 2465 932 2505 the
961 2464 1224 2517 apparently
1245 2465 1458 2517 irregular
1483 2468 1672 2507 motions
1691 2467 1742 2507 of

252 2518 326 2560 the
345 2519 517 2570 planets
534 2519 595 2570 by
615 2519 837 2570 ascribing
864 2522 911 2560 to
939 2519 1059 2559 them
1085 2518 1265 2559 distinct
1283 2519 1461 2572 spheres
1480 2522 1672 2572 rotating
1691 2522 1738 2561 in

251 2574 453 2624 opposite
489 2572 750 2620 directions;
796 2572 872 2613 the
904 2575 1297 2615 counter-rotation
1331 2586 1422 2615 was
1459 2576 1653 2624 ἀνείλιξις,
1690 2574 1740 2615 of

253 2634 317 2683 36
