1919 3006
927 202 1178 251 CICERO

305 334 473 382 adfert
505 341 653 398 pater
686 338 783 381 iste
818 333 1099 381 Stoicorum
1133 350 1289 398 quare
1323 334 1568 381 mundum
1602 335 1799 380 ratione

306 420 382 464 uti
411 423 669 479 putemus,
699 432 764 463 ne
795 433 882 463 cur
914 419 1226 463 animantem
1257 417 1464 479 quidem
1495 431 1620 462 esse.
1685 413 1800 461 Non

308 506 386 546 est
408 502 563 562 igitur
586 499 803 546 mundus
829 499 951 546 deus
973 513 984 553 3
1010 505 1063 545 et
1086 505 1261 545 tamen
1280 497 1402 544 nihil
1427 504 1505 545 est
1526 513 1585 544 eo
1603 496 1801 552 melius,

307 579 430 626 nihil
471 587 546 627 est
589 583 723 627 enim
763 596 823 627 eo
862 579 1133 643 pulchrius,
1173 579 1296 626 nihil
1335 579 1600 627 salutarius
1641 579 1800 633 nobis,

308 662 430 709 nihil
456 666 678 709 ornatius
706 669 915 724 aspectu
939 669 1187 725 motuque
1212 665 1540 708 constantius.

373 752 402 773 “
423 744 614 803 Quodsi
633 744 852 791 mundus
872 747 1131 790 universus
1151 761 1252 790 non
1273 751 1350 790 est
1371 745 1513 800 deus,
1532 759 1596 790 ne
1625 742 1803 790 stellae

309 828 533 891 quidem,
574 844 697 890 quas
738 834 796 873 tu
835 826 1212 873 innumerabilis
1252 829 1305 873 in
1344 827 1554 874 deorum
1593 841 1803 872 numero

309 910 606 972 reponebas,
669 907 896 967 Quarum
920 916 974 956 te
1000 925 1170 955 cursus
1189 908 1479 972 aequabiles
1507 910 1804 971 aeternique

309 992 654 1048 delectabant,
690 1007 784 1038 nec
819 990 1108 1037 mehercule
1151 994 1347 1047 iniuria,
1384 997 1503 1038 sunt
1544 993 1678 1037 enim
1719 989 1804 1036 ad-

230 1085 283 1124 24
307 1074 518 1121 mirabili
554 1074 936 1137 incredibilique
974 1077 1274 1121 constantia.
1346 1071 1447 1119 Sed
1482 1089 1584 1120 non
1617 1075 1804 1128 omnia,

309 1156 485 1213 Balbe,
522 1173 653 1220 quae
691 1173 861 1203 cursus
899 1162 1062 1203 certos
1105 1164 1159 1204 et
1199 1158 1476 1203 constantis
1513 1154 1707 1202 habent
1744 1171 1805 1202 ea

310 1241 407 1287 deo
437 1242 604 1302 potius
637 1238 909 1285 tribuenda
940 1245 1058 1285 sunt
1091 1254 1243 1302 quam
1274 1245 1503 1285 naturae.
1569 1237 1632 1284 X.
1671 1237 1804 1296 Quid

310 1321 595 1368 Chalcidico
632 1320 821 1382 Euripo
859 1323 911 1366 in
947 1327 1091 1367 motu
1129 1320 1411 1368 identidem
1448 1319 1804 1382 reciprocando

310 1411 459 1467 putas
502 1403 609 1450 fieri
650 1419 796 1465 posse
840 1406 1168 1458 constantius,
1213 1403 1334 1465 quid
1375 1401 1508 1449 freto
1545 1400 1806 1459 Siciliensi,

310 1487 432 1551 quid
457 1486 648 1534 Oceani
672 1483 869 1532 fervore
893 1485 986 1532 illis
1011 1489 1063 1532 in
1085 1486 1204 1532 locis

485 1583 714 1636 Europam
735 1583 1016 1635 Libyamque
1037 1597 1174 1635 rapax
1193 1583 1272 1624 ubi
1291 1582 1449 1624 dividit
1467 1581 1619 1624 unda?

311 1671 444 1730 Quid
469 1671 487 1717 ?
529 1676 699 1716 aestus
724 1672 965 1715 maritimi
991 1669 1071 1716 vel
1105 1669 1466 1731 Hispanienses
1499 1667 1579 1715 vel
1608 1667 1806 1715 Britan-

311 1757 407 1800 nici
457 1768 732 1815 eorumque
780 1755 928 1798 certis
977 1752 1289 1814 temporibus
1335 1749 1414 1797 vel
1456 1767 1682 1798 accessus
1726 1750 1804 1798 vel

310 1851 535 1883 recessus
566 1838 673 1882 sine
710 1834 806 1882 deo
837 1833 943 1880 fieri
981 1850 1080 1880 non
1113 1833 1365 1897 possunt?
1425 1833 1572 1890 Vide,
1598 1849 1805 1897 quaeso,

305 1921 346 1965 si
387 1933 561 1965 omnes
602 1924 770 1964 motus
814 1919 1084 1979 omniaque
1127 1933 1258 1980 quae
1301 1919 1449 1963 certis
1491 1916 1804 1978 temporibus

312 2000 539 2047 ordinem
560 2017 704 2047 suum
724 2007 1023 2046 conservant
1043 2000 1210 2046 divina
1231 1994 1458 2054 dicimus,
1475 2014 1538 2044 ne
1558 2000 1804 2045 tertianas

311 2099 514 2147 quoque
534 2081 701 2129 febres
723 2089 776 2128 et
796 2088 1069 2144 quartanas
1091 2082 1282 2128 divinas
1303 2096 1412 2127 esse
1433 2080 1702 2127 dicendum
1721 2083 1805 2138 sit,

311 2181 525 2229 quarum
564 2167 849 2210 reversione
892 2171 944 2210 et
983 2170 1126 2209 motu
1168 2163 1289 2226 quid
1327 2170 1499 2225 potest
1540 2179 1648 2209 esse
1689 2179 1804 2209 con·

311 2249 527 2293 stantius
552 2246 569 2291 ?
630 2244 731 2292 Sed
754 2248 977 2291 omnium
1001 2244 1177 2291 talium
1202 2260 1369 2290 rerum
1392 2247 1520 2290 ratio
1543 2243 1804 2290 reddenda

232 2338 285 2378 25
311 2336 386 2375 est
411 2343 422 2383 3
466 2327 601 2391 quod
625 2344 709 2374 vos
735 2343 848 2373 cum
873 2325 1040 2372 facere
1074 2343 1173 2372 non
1210 2328 1441 2388 potestiS,
1465 2333 1728 2389 tamquam
1751 2328 1802 2372 in

312 2426 452 2457 aram
473 2408 743 2472 confugitis
767 2408 832 2455 ad
854 2408 1022 2455 deum.

376 2491 403 2507 “
428 2491 497 2538 Et
522 2489 830 2554 Chrysippus
856 2489 949 2536 tibi
976 2496 1124 2535 acute
1150 2489 1318 2536 dicere
1343 2489 1628 2546 videbatur,
1652 2488 1803 2539 homo

314 2615 409 2659 308
