1919 3006
959 214 1210 264 CICERO

337 353 419 395 est
441 349 499 394 iis
526 348 611 410 qui
635 344 836 409 placere
863 343 1038 392 volunt
1070 351 1178 391 tam
1205 344 1563 400 adversarium,
1588 342 1680 391 sed
1711 343 1832 407 quia

338 446 439 476 non
462 428 635 475 laboro
661 443 814 490 quam
839 425 986 474 valde
1013 442 1074 473 ea
1098 441 1230 489 quae
1256 425 1366 472 dico
1389 425 1694 488 probaturus
1718 427 1831 482 sim,

340 525 400 557 eo
435 513 599 556 minus
637 508 941 564 conturbor3
989 506 1153 554 dicam
1191 510 1325 554 enim
1362 522 1456 553 nec
1490 523 1608 553 mea
1642 522 1736 553 nec
1773 522 1834 553 ea

338 594 391 637 in
419 591 619 654 quibus,
649 593 689 637 si
717 606 819 636 non
846 588 1055 645 fuerint,
1083 605 1184 635 non
1213 591 1341 635 vinci
1369 604 1453 635 me
1480 587 1653 634 malim
1681 603 1835 651 quam

339 676 554 719 vincere.
625 670 726 718 Sed
758 669 1067 726 mehercule,
1100 676 1159 717 ut
1193 670 1399 733 quidem
1433 685 1566 716 nunc
1598 684 1653 716 se
1685 684 1837 715 causa

339 751 515 809 habet,
554 756 648 800 etsi
686 751 926 799 hesterno
964 767 1195 798 sermone
1233 750 1546 798 labefactata
1582 757 1677 807 est,
1713 748 1836 796 mihi

339 841 516 882 tamen
558 834 759 881 videtur
804 850 913 880 esse
957 836 1229 880 verissima.
1300 833 1468 896 Agam
1509 835 1666 896 igitur
1707 835 1837 878 sicut

341 914 623 963 Antiochus
661 916 851 979 agebat
882 915 1026 978 (nota
1062 918 1197 961 enim
1232 913 1355 960 mihi
1390 930 1470 961 res
1507 920 1602 969 est,
1632 929 1750 959 nam
1783 919 1838 960 et

341 1014 499 1044 vacuo
519 1000 687 1043 animo
705 996 847 1043 illum
873 996 1145 1043 audiebam
1166 1003 1220 1043 et
1243 1012 1430 1059 magno
1449 995 1635 1050 studio,
1656 994 1838 1041 eadem

341 1078 406 1125 de
443 1094 499 1125 re
538 1080 695 1125 etiam
728 1079 968 1142 saepius),
1001 1084 1060 1124 ut
1098 1080 1255 1124 etiam
1292 1080 1536 1124 maiorem
1575 1082 1838 1139 exspecta-

339 1163 533 1206 tionem
571 1162 672 1206 mei
716 1158 897 1205 faciam
938 1175 1091 1222 quam
1130 1158 1280 1205 modo
1319 1157 1443 1205 fecit
1482 1153 1838 1205 Hortensius.’'

268 1249 316 1290 11
343 1240 471 1288 Cum
499 1243 574 1288 ita
603 1247 739 1287 esset
769 1257 993 1297 exorsus,
1023 1240 1089 1288 ad
1118 1240 1427 1287 audiendum
1457 1243 1648 1287 animos
1677 1241 1838 1286 erexi-

340 1339 452 1370 mus
475 1338 489 1379 ;
533 1329 588 1370 at
611 1321 695 1369 ille
723 1321 751 1338 “
776 1321 903 1369 Cum
931 1321 1274 1369 Alexandriae
1299 1338 1390 1384 pro
1416 1328 1687 1385 quaestore
1711 1319 1739 1336 '’
1764 1323 1838 1367 in·

342 1407 454 1467 quit
474 1402 501 1420 “
519 1420 700 1460 essem,
716 1402 815 1450 fuit
834 1402 1116 1451 Antiochus
1135 1419 1353 1459 mecum,
1370 1410 1425 1450 et
1443 1409 1554 1450 erat
1567 1406 1670 1449 iam
1685 1408 1840 1449 antea

341 1484 683 1533 Alexandriae
726 1484 985 1532 familiaris
1028 1483 1267 1532 Antiochi
1311 1483 1599 1532 Heraclitus
1640 1483 1838 1548 Tyrius,

342 1570 428 1630 qui
483 1573 537 1614 et
590 1565 962 1614 Clitomachum
1015 1566 1202 1614 multos
1257 1582 1413 1613 annos
1467 1572 1522 1614 et
1575 1563 1837 1613 Philonem

342 1648 592 1704 audierat,
625 1647 775 1696 homo
809 1664 930 1695 sane
962 1651 1015 1694 in
1046 1651 1145 1695 ista
1175 1645 1509 1711 philosophia,
1542 1663 1673 1711 quae
1704 1662 1839 1693 nunc

341 1746 498 1792 prope
534 1729 740 1776 dimissa
771 1736 1055 1786 revocatur,
1089 1730 1333 1791 probatus
1369 1736 1424 1776 et
1456 1728 1671 1785 nobilis;
1723 1745 1838 1776 cum

342 1827 442 1875 quo
482 1810 793 1858 Antiochum
833 1827 987 1874 saepe
1029 1811 1379 1873 disputantem
1420 1811 1709 1866 audiebam,
1748 1809 1840 1857 sed

342 1899 616 1956 utrumque
641 1892 839 1940 leniter.
909 1893 978 1939 Et
1002 1893 1210 1956 quidem
1232 1895 1317 1939 isti
1340 1892 1452 1939 libri
1476 1892 1577 1940 duo
1601 1890 1840 1947 Philonis,

343 1973 408 2021 de
434 1974 615 2037 quibus
640 1972 749 2020 heri
774 1974 967 2021 dictum
994 1990 1023 2020 a
1048 1973 1229 2021 Catulo
1255 1980 1350 2030 est,
1375 1980 1487 2020 tum
1512 1979 1659 2020 erant
1683 1972 1839 2020 adlati

344 2053 708 2102 Alexandriam
754 2062 969 2119 tumque
1015 2059 1234 2118 primum
1279 2058 1333 2101 in
1377 2053 1616 2102 Antiochi
1660 2070 1840 2101 manus

344 2143 625 2183 venerant:
684 2143 738 2184 et
775 2135 925 2184 homo
968 2144 1152 2184 natura
1192 2135 1474 2183 lenissimus
1513 2135 1657 2199 (nihil
1705 2139 1840 2182 enim

346 2224 550 2280 poterat
591 2218 697 2265 fieri
738 2217 821 2265 illo
861 2218 1054 2282 mitius)
1096 2216 1399 2265 stomachari
1439 2224 1614 2264 tamen
1653 2220 1837 2280 coepit.

348 2297 590 2355 Mirabar,
625 2315 719 2346 nec
753 2302 888 2346 enim
922 2316 1165 2363 umquam
1199 2305 1320 2346 ante
1353 2299 1614 2355 videram3
1666 2305 1720 2346 at
1751 2297 1837 2345 ille

403 2463 422 2482 ⁶
452 2458 664 2500 Lucullus
693 2473 782 2500 was
811 2463 910 2500 sent
937 2459 999 2512 by
1028 2458 1154 2501 Sulla
1179 2463 1225 2500 to
1254 2457 1539 2507 Alexandria,
1569 2461 1707 2501 87-86
1738 2471 1839 2509 ιο..

347 2515 394 2553 to
411 2516 483 2564 try
502 2517 548 2553 to
566 2515 678 2553 raise
697 2527 723 2553 a
742 2513 856 2555 fleet.

406 2565 424 2592 ὓ
456 2568 540 2614 Le..
559 2568 619 2620 by
639 2567 807 2608 Cicero.

352 2634 445 2680 478
