1853 3001
899 185 1151 235 CICERO

1260 313 1428 356 Silvani
1449 312 1565 356 melo

393 382 667 424 consimilem
688 382 746 423 ad
768 396 896 425 aures
916 387 1099 425 cantum
1120 387 1164 425 et
1184 382 1388 424 auditum
1408 384 1553 425 refert.

199 485 255 526 90
277 479 413 544 Ergo
433 487 492 527 ut
510 479 590 527 hic
613 483 776 543 primo
802 487 1012 543 aspectu
1035 483 1314 527 inanimum
1334 480 1576 544 quiddam
1595 495 1764 527 sensu-

279 582 378 629 que
421 582 636 613 vacuum
677 582 731 613 se
777 572 930 629 putat
969 582 1194 623 cernere,
1231 573 1348 629 post
1393 572 1569 612 autem
1614 567 1767 629 signis

280 653 577 698 certioribus
610 651 760 715 quale
800 654 866 698 sit
903 652 956 699 id
995 652 1060 700 de
1100 668 1200 715 quo
1236 653 1561 700 dubitaverat
1594 653 1770 713 incipit

280 741 537 800 suspicari,
569 740 638 784 sic
668 736 951 800 philosophi
984 738 1290 794 debuerunt,
1321 741 1361 785 si
1391 736 1524 785 forte
1557 753 1642 784 eos
1671 739 1771 800 pri-

280 840 391 870 mus
410 830 644 886 aspectus
661 824 838 871 mundi
854 825 1263 880 conturbaverat,
1279 830 1476 886 postea,
1493 840 1608 871 cum
1624 823 1772 870 vidis-

280 917 396 957 sent
422 917 590 957 motus
620 913 726 957 eius
755 910 922 957 finitos
952 918 1005 957 et
1033 910 1323 974 aequabiles
1351 914 1621 974 omniaque
1647 913 1770 957 ratis

278 996 534 1043 ordinibus
556 996 822 1043 moderata
841 996 1230 1060 inmutabilique
1251 1000 1553 1053 constantia,
1573 995 1771 1042 intelle-

276 1098 398 1146 gere
431 1086 596 1129 inesse
632 1082 852 1145 aliquem
885 1099 987 1129 non
1021 1082 1181 1129 solum
1214 1081 1556 1130 habitatorem
1589 1085 1641 1128 in
1674 1081 1768 1128 hac

279 1168 486 1216 caelesti
535 1185 592 1215 ac
642 1169 810 1215 divina
859 1169 1007 1216 domo
1062 1170 1153 1217 sed
1202 1172 1357 1216 etiam
1409 1176 1660 1217 rectorem
1715 1174 1769 1215 et

276 1256 651 1303 moderatorem
686 1261 739 1301 et
771 1261 1035 1319 tamquam
1069 1253 1403 1302 architectum
1435 1258 1568 1302 tanti
1604 1257 1768 1317 operis

277 1345 513 1405 tantique
540 1344 778 1388 muneris.

339 1427 575 1474 XXXVI.
623 1435 650 1455 ‘⁶
671 1426 817 1473 Nunc
860 1434 1032 1474 autem
1075 1426 1198 1473 mihi
1237 1427 1473 1474 videntur
1509 1442 1574 1473 ne
1610 1430 1769 1489 suspi—

276 1517 376 1561 cari
394 1514 599 1577 quidem
617 1521 809 1577 quanta
825 1517 891 1561 sit
909 1512 1270 1579 admirabilitas
1288 1512 1583 1559 caelestium
1599 1529 1767 1559 rerum

194 1610 243 1650 91
271 1608 426 1662 atque
480 1603 813 1646 terrestrium.
885 1599 1135 1661 Principio
1190 1602 1325 1645 enim
1376 1605 1515 1656 terra
1566 1601 1664 1646 sita
1716 1601 1767 1644 in

273 1686 443 1733 media
492 1693 639 1749 parte
690 1686 864 1733 mundi
917 1683 1217 1732 circumfusa
1267 1685 1492 1746 undique
1544 1691 1622 1731 est
1672 1683 1766 1731 hae

276 1771 476 1818 animali
526 1771 850 1834 spirabilique
899 1778 1082 1818 natura
1129 1773 1208 1817 cui
1255 1786 1441 1816 nomen
1490 1776 1569 1816 est
1617 1785 1767 1816 aer—-

277 1857 528 1904 Graecum
569 1857 692 1904 illud
733 1857 939 1920 quidem
980 1856 1071 1904 sed
1110 1862 1410 1919 perceptum
1450 1858 1551 1901 iam
1591 1861 1767 1902 tamen

275 1961 368 1991 usu
404 1961 433 1990 a
466 1946 683 1999 nostris3
723 1946 903 1989 tritum
941 1949 1019 1990 est
1055 1945 1189 1989 enim
1222 1958 1313 2004 pro
1349 1940 1547 1988 Latino.
1617 1939 1767 1988 Hunc

275 2047 442 2077 rursus
483 2029 807 2092 amplectitur
837 2033 1094 2075 inmensus
1127 2026 1321 2083 aether,
1354 2030 1439 2090 qui
1471 2033 1670 2074 constat
1702 2043 1766 2074 ex

276 2116 526 2163 altissimis
570 2115 1129 2179 ignibus—mutuemur
1164 2112 1258 2160 hoc
1294 2128 1496 2176 quoque
1533 2112 1760 2168 verbum,

276 2202 574 2263 dicaturque
604 2207 711 2246 tam
738 2198 916 2246 aether
941 2199 1125 2245 Latine
1151 2214 1304 2261 quam
1328 2197 1511 2245 dicitur
1535 2213 1638 2254 aer,
1664 2198 1760 2244 etsi

273 2290 640 2348 interpretatur
666 2284 910 2331 Pacuvius
934 2301 944 2330 z

335 2405 418 2446 hoc
433 2404 552 2457 quod
570 2417 766 2445 memoro
781 2405 915 2444 nostri
937 2402 1123 2450 caelum,
1141 2401 1265 2444 Graii
1280 2401 1513 2455 perhibent
1528 2401 1760 2442 aethera—-

276 2515 415 2575 quasi
451 2528 567 2558 vero
601 2527 701 2557 non
736 2510 914 2555 Graius
945 2509 1038 2556 hoc
1062 2509 1227 2556 dicat!
1266 2508 1276 2524 ‘
1301 2509 1373 2555 At
1397 2507 1581 2554 Latine
1604 2507 1762 2571 loqui-

277 2606 372 2646 210
