1853 3001
906 241 1157 290 CICERO

286 393 499 442 quarum
539 381 616 421 est
654 373 907 420 cotidiana
945 376 1246 420 conveniens
1285 380 1623 438 constansque
1660 391 1772 422 con-

286 462 444 507 versio
497 473 590 503 nec
642 454 835 501 habent
888 453 1139 501 aetherios
1192 471 1362 502 cursus
1415 471 1583 519 neque
1635 456 1774 503 caelo

286 540 627 593 inhaerentes,
676 544 734 584 ut
781 536 1009 599 plerique
1058 536 1233 584 dicunt
1280 535 1518 600 physicae
1565 540 1772 585 rationis

283 625 480 687 ignari3
529 637 630 666 non
664 625 742 666 est
779 621 913 665 enim
951 617 1169 665 aetheris
1208 634 1268 665 ea
1300 626 1483 665 natura
1513 625 1572 667 ut
1603 622 1651 666 vi
1681 636 1773 666 sua

283 703 453 753 stellas
472 701 717 764 conplexa
737 707 1087 762 contorqueat,
1108 717 1226 746 nam
1245 703 1413 747 tenuis
1434 717 1491 747 30
1510 700 1772 764 perlucens

285 793 340 834 et
375 783 627 847 aequabili
664 782 827 829 calore
864 780 1076 829 suffusus
1116 781 1293 828 aether
1329 799 1429 829 non
1465 785 1586 829 satis
1624 790 1773 846 aptus

208 881 260 919 55
287 869 351 915 ad
384 866 554 914 stellas
589 864 919 911 continendas
948 864 1183 919 videtur;
1219 863 1413 911 habent
1444 867 1600 928 igitur
1632 881 1775 911 suam

284 949 550 1013 sphaeram
575 946 752 993 stellae
776 948 1057 992 inerrantes
1084 945 1147 992 ab
1173 944 1401 992 aetheria
1424 948 1777 993 coniunctione

285 1037 534 1080 secretam
557 1035 610 1076 et
631 1028 857 1074 liberam.
926 1027 1116 1074 Earum
1138 1034 1312 1073 autem
1333 1043 1583 1089 perennes
1605 1043 1777 1074 cursus

286 1121 440 1176 atque
459 1113 695 1174 perpetui
714 1125 829 1156 cum
848 1107 1128 1155 admirabili
1146 1108 1527 1172 incredibilique
1546 1115 1778 1156 constan-

285 1199 357 1243 tia
385 1193 645 1241 declarant
670 1194 723 1238 in
749 1190 824 1237 his
852 1193 952 1236 vim
981 1197 1034 1237 et
1061 1198 1289 1237 mentem
1317 1206 1426 1237 esse
1454 1190 1693 1246 divinam,
1721 1196 1779 1236 ut

286 1276 411 1323 haec
436 1279 543 1337 ipsa
570 1276 654 1337 qui
679 1289 780 1319 non
805 1275 994 1318 sentiat
1019 1272 1229 1318 deorum
1253 1275 1354 1318 vim
1377 1270 1567 1318 habere
1590 1275 1632 1319 is
1657 1269 1778 1318 nihil

287 1361 488 1406 omnino
512 1371 746 1402 sensurus
771 1370 880 1400 esse
903 1354 1150 1400 videatur.

207 1448 261 1491 56
352 1437 550 1484 “Nulla
586 1440 741 1500 igitur
773 1438 826 1482 in
859 1434 998 1482 caelo
1031 1451 1125 1482 nec
1158 1433 1363 1482 fortuna
1395 1450 1490 1482 nec
1513 1437 1778 1482 temeritas

288 1538 380 1568 nec
415 1522 599 1566 erratio
632 1534 726 1564 nec
759 1520 954 1563 vanitas
988 1520 1120 1563 inest
1154 1523 1432 1580 contraque
1465 1519 1624 1563 omnis
1658 1516 1780 1563 ordo

289 1606 471 1650 veritas
502 1602 631 1647 ratio
661 1601 946 1646 constantia
969 1613 982 1654 ;
1030 1614 1264 1661 quaeque
1293 1596 1368 1644 his
1399 1604 1581 1644 vacant
1611 1613 1782 1644 emen-

288 1688 385 1732 tita
415 1691 466 1730 et
495 1680 621 1727 falsa
649 1680 903 1743 plenaque
934 1683 1129 1735 erroris,
1160 1696 1220 1726 ea
1248 1682 1433 1726 circum
1462 1686 1623 1726 terras
1652 1677 1782 1724 infra

287 1765 458 1813 lunam
496 1764 648 1827 (quae
685 1764 910 1808 omnium
951 1760 1131 1808 ultima
1168 1760 1266 1825 est)
1306 1763 1358 1808 in
1387 1763 1636 1823 terrisque
1675 1775 1781 1806 ver-

288 1853 478 1894 santur.
564 1843 893 1890 Caelestium1
921 1859 1040 1906 ergo
1076 1841 1426 1888 admirabilem
1455 1841 1683 1888 ordinem
1707 1843 1780 1886 in-

288 1926 683 1988 credibilemque
731 1927 1086 1980 constantiam,
1130 1939 1193 1970 ex
1236 1939 1335 1986 qua
1377 1925 1690 1969 conservatio
1727 1927 1782 1969 et

289 2009 420 2056 salus
444 2010 668 2054 omnium
690 2009 849 2052 omnis
872 2008 1046 2061 oritur,
1069 2008 1154 2068 qui
1175 2020 1353 2051 vacare
1374 2011 1549 2050 mente
1569 2010 1721 2066 putat
1740 2005 1781 2050 is

291 2095 397 2154 ipse
420 2091 605 2135 mentis
630 2103 809 2150 expers
832 2086 1095 2134 habendus
1120 2093 1212 2133 est.

213 2182 264 2224 57
357 2170 557 2217 “Haud
601 2185 738 2233 ergo,
787 2175 844 2215 ut
887 2171 1078 2231 opinor,
1122 2183 1353 2214 erravero
1391 2169 1433 2214 si
1480 2182 1511 2212 a
1555 2168 1781 2228 principe

292 2251 674 2315 investigandae
695 2253 921 2296 veritatis
942 2248 1088 2296 huius
1109 2249 1462 2311 disputationis
1482 2249 1780 2310 principium

293 2336 501 2383 duxero.
627 2331 796 2378 XXII.
861 2331 996 2378 Zeno
1032 2334 1187 2394 igitur
1225 2337 1458 2377 naturam
1493 2331 1567 2376 ita
1601 2327 1780 2375 definit

296 2424 354 2464 ut
383 2431 495 2462 eam
524 2414 659 2461 dicat
686 2416 858 2477 ignem
885 2429 993 2460 esse
1022 2412 1362 2468 artificiosum,
1384 2410 1449 2458 ad
1466 2410 1779 2475 gignendum

601 2521 620 2549 ²
649 2520 903 2562 caelestium
925 2521 1027 2562 dett.
1047 2536 1059 2562 ε
1091 2518 1322 2561 caelestem
1342 2518 1404 2568 A,
1423 2518 1478 2561 Β.

308 2669 400 2721 176
