1853 3001
889 167 1141 216 CICERO

273 316 366 347 nec
395 298 622 346 consulto
652 299 773 346 dicis
803 297 997 344 occulte
1027 305 1290 361 tamquam
1321 295 1627 353 Heraclitus,
1657 296 1765 353 sed,

274 381 410 444 quod
460 383 594 426 inter
645 396 734 426 nos
785 379 953 434 liceat,
1007 395 1070 425 ne
1122 386 1181 426 tu
1234 379 1440 442 quidem
1492 377 1762 441 intellegis.

196 470 248 510 75
272 461 486 508 XXVII.
524 461 656 507 Illud
682 461 827 507 video
853 476 1082 523 pugnare
1110 467 1181 516 te,
1208 462 1400 522 species
1427 466 1486 506 ut
1512 459 1764 522 quaedam

274 546 340 590 sit
380 543 590 590 deorum
632 557 762 605 quae
803 541 926 587 nihil
967 544 1187 588 concreti
1228 540 1418 587 habeat
1458 539 1581 586 nihil
1622 539 1764 587 solidi

274 623 397 671 nihil
453 626 676 686 expressi
731 622 854 668 nihil
910 625 1196 678 eminentis,
1251 625 1419 685 sitque
1470 638 1598 684 pura
1645 620 1768 667 levis

273 705 545 769 perlucida.
603 704 843 750 Dicemus
862 707 1018 767 igitur
1035 704 1171 750 idem
1191 704 1326 766 quod
1343 706 1396 749 in
1413 702 1612 749 Venere
1632 701 1736 749 Coa
1757 716 1771 749 ε

277 803 454 849 corpus
478 786 601 833 illud
625 803 725 832 non
750 792 828 831 est
852 786 941 832 sed
965 784 1124 831 simile
1149 787 1384 847 corporis,
1409 801 1501 830 nec
1524 783 1606 829 ille
1630 782 1770 829 fusus

278 875 331 914 et
368 868 584 914 candore
621 870 810 913 mixtus
848 867 999 912 rubor
1037 869 1238 929 sanguis
1277 873 1355 912 est
1391 866 1482 912 sed
1518 865 1770 928 quaedam

279 952 535 1013 sanguinis
574 948 883 1003 similitudo;
940 951 1008 994 sic
1045 950 1095 993 in
1134 948 1383 1010 Epicureo
1421 947 1517 994 deo
1555 963 1656 992 non
1691 961 1771 992 res

277 1031 367 1078 sed
386 1030 738 1077 similitudines
757 1046 925 1076 rerum
947 1045 1071 1075 esse.
1118 1029 1217 1075 Fac
1235 1029 1288 1076 id
1306 1029 1442 1092 quod
1461 1044 1525 1074 ne
1543 1026 1772 1090 intellegi

282 1113 489 1176 quidem
536 1118 708 1174 potest
754 1109 876 1157 mihi
927 1126 1035 1157 esse
1082 1125 1414 1173 persuasum3
1479 1109 1604 1156 cedo
1650 1106 1773 1154 mihi

278 1197 488 1239 istorum
538 1193 952 1239 adumbratorum
1006 1192 1215 1238 deorum
1267 1190 1564 1237 liniamenta
1617 1196 1773 1252 atque

201 1282 254 1320 76
277 1273 478 1321 formas.
550 1274 663 1320 Non
695 1274 841 1320 deest
871 1272 965 1319 hoc
995 1271 1103 1319 loco
1134 1275 1278 1335 copia
1308 1275 1561 1318 rationum
1592 1271 1774 1334 quibus

281 1356 461 1403 docere
483 1355 646 1401 velitis
667 1354 913 1401 humanas
936 1370 1045 1400 esse
1066 1352 1251 1400 formas
1273 1354 1483 1400 deorum
1506 1368 1519 1409 3
1555 1355 1775 1415 primum

281 1437 417 1500 quod
470 1440 544 1483 ita
599 1439 665 1483 sit
719 1435 1047 1482 informatum
1105 1438 1540 1498 anticipatumque
1592 1436 1776 1480 menti-

279 1519 373 1565 bus
420 1521 601 1565 nostris
649 1524 707 1564 ut
754 1516 961 1573 homini,
992 1533 1106 1563 cum
1149 1517 1213 1563 de
1249 1517 1345 1563 deo
1376 1519 1585 1579 cogitet,
1615 1514 1777 1561 forma

280 1606 509 1647 occurrat
563 1598 819 1654 humana3
893 1599 1077 1645 deinde
1134 1598 1286 1661 quod,
1340 1600 1577 1661 quoniam
1625 1597 1776 1642 rebus

282 1681 512 1728 omnibus
551 1680 766 1726 excellat
803 1687 985 1726 natura
1022 1680 1206 1735 divina,
1236 1678 1398 1725 forma
1434 1693 1635 1742 quoque
1667 1693 1776 1724 esse

281 1761 617 1824 pulcherrima
664 1762 870 1817 debeat,
907 1777 999 1806 nec
1051 1777 1159 1807 esse
1203 1759 1425 1806 humana
1467 1759 1620 1806 ullam
1668 1757 1777 1821 pul-

283 1842 558 1898 chriorem3
595 1845 803 1889 tertiam
838 1845 1087 1888 rationem
1125 1840 1351 1896 adfertis,
1384 1841 1519 1904 quod
1555 1839 1692 1886 nulla
1724 1842 1776 1886 in

206 1932 257 1971 77
284 1924 379 1970 alia
409 1925 569 1988 figura
606 1923 910 1971 domicilium
947 1926 1132 1970 mentis
1167 1939 1275 1969 esse
1311 1925 1483 1986 possit.
1553 1921 1777 1968 Primum

284 2009 439 2069 igitur
478 2006 701 2068 quidque
740 2005 1000 2051 considera
1038 2003 1186 2067 quale
1225 2007 1325 2060 sit3
1381 2006 1602 2066 arripere
1641 2005 1776 2049 enim

284 2085 406 2133 mihi
453 2087 692 2133 videmini
739 2089 880 2149 quasi
926 2093 1093 2132 vestro
1138 2089 1245 2132 iure
1290 2101 1398 2132 rem
1443 2083 1579 2131 nullo
1623 2084 1775 2130 modo

285 2167 612 2231 probabilem.
685 2167 1007 2219 <Primum1>
1043 2170 1267 2214 omnium
1304 2169 1414 2230 quis
1450 2173 1557 2212 tam
1594 2180 1772 2211 caecus

284 2252 336 2295 in
363 2248 764 2312 contemplandis
793 2250 942 2295 rebus
972 2265 1212 2311 umquam
1240 2247 1338 2294 fuit
1365 2254 1423 2294 ut
1449 2263 1550 2293 non
1578 2246 1774 2293 videret

287 2333 479 2393 species
510 2333 632 2377 istas
664 2329 923 2376 hominum
957 2329 1180 2376 conlatas
1213 2332 1265 2375 in
1297 2329 1417 2376 deos
1451 2335 1541 2375 aut
1572 2326 1774 2374 consilio

908 2447 926 2473 ²
955 2446 1178 2499 Plasberq.

295 2576 358 2623 72
