1853 3001
838 226 1090 277 CICERO

214 368 381 429 ipsum
417 363 627 409 verbum
665 366 744 406 est
772 360 971 413 amoris,
1001 374 1063 403 ex
1101 373 1200 420 quo
1237 357 1489 402 amicitiae
1524 370 1709 402 nomen

218 450 297 490 est
339 442 583 494 ductum3
631 454 783 500 quam
823 439 862 483 si
899 436 964 482 ad
1004 434 1224 481 fructum
1260 439 1488 479 nostrum
1522 431 1710 479 refere-

218 524 350 568 mus1
387 535 488 565 non
525 517 588 563 ad
624 515 754 561 illius
791 513 1053 560 commoda
1091 528 1243 575 quem
1280 509 1570 574 diligimus,²
1608 526 1708 556 non

214 601 311 645 erit
335 600 432 643 ista
470 596 689 640 amicitia
715 592 805 638 sed
833 596 1117 637 mercatura
1143 588 1395 652 quaedam
1429 586 1707 633 utilitatum

219 691 437 723 suarum.
507 671 659 718 Prata
681 677 733 716 et
753 685 870 715 arva
890 675 942 715 et
961 667 1213 730 pecudum
1232 681 1414 729 greges
1434 664 1710 728 diliguntur

218 756 314 800 isto
347 751 515 804 modo,
550 748 686 811 quod
718 746 911 793 fructus
946 761 1008 792 ex
1040 748 1098 791 iis
1132 747 1416 806 capiuntur,
1449 741 1709 789 hominum

218 833 401 877 caritas
425 835 478 874 et
501 828 720 872 amicitia
742 827 967 888 gratuita
989 829 1068 869 est
1090 837 1102 878 3
1142 828 1334 884 quanto
1366 823 1522 884 igitur
1549 822 1711 883 magis

219 909 446 961 deorum,
477 907 562 967 qui
592 902 728 949 nulla
755 918 810 948 re
841 908 1053 964 egentes
1084 906 1137 946 et
1164 902 1299 946 inter
1326 915 1380 946 se
1410 897 1627 961 diligunt
1657 903 1711 943 et

218 984 503 1031 hominibus
520 979 801 1027 consulunt.
857 978 1026 1036 Quod³
1048 980 1120 1023 ni4
1139 979 1212 1023 ita
1232 981 1347 1033 est,⁵
1367 975 1489 1039 quid
1505 990 1711 1021 venera-

217 1079 330 1110 mur
369 1060 490 1123 quid
528 1073 793 1121 precamur
832 1056 970 1111 deos,
1009 1071 1096 1101 cur
1133 1056 1283 1101 sacris
1321 1051 1584 1116 pontifices
1623 1067 1711 1098 cur

220 1141 450 1202 auspiciis
483 1151 699 1199 augures
730 1140 990 1197 praesunt,
1022 1132 1144 1196 quid
1174 1139 1408 1194 optamus
1440 1146 1470 1177 a
1499 1129 1607 1177 deis
1636 1131 1710 1175 in-

218 1215 532 1269 mortalibus,
579 1212 700 1276 quid
745 1211 1024 1258 vovemus?
1110 1209 1120 1226 ‘
1144 1210 1217 1256 At
1261 1212 1418 1256 etiam
1460 1207 1587 1254 liber
1631 1212 1710 1253 est

115 1302 194 1343 123
219 1295 422 1357 Epicuri
466 1292 530 1338 de
574 1287 883 1337 sanctitate.'
968 1287 1213 1334 Ludimur
1256 1287 1320 1334 ab
1363 1285 1565 1332 homine
1609 1300 1711 1330 non

219 1380 327 1420 tam
377 1369 544 1416 faceto
595 1384 748 1430 quam
808 1366 873 1413 ad
927 1365 1178 1412 scribendi
1227 1363 1484 1410 licentiam
1533 1361 1707 1409 libero.

220 1449 365 1508 Quae
397 1450 531 1493 enim
561 1452 733 1508 potest
764 1459 872 1490 esse
903 1445 1145 1489 sanctitas
1175 1444 1217 1488 si
1248 1442 1330 1488 dei
1359 1440 1581 1487 humana
1609 1455 1711 1486 non

218 1532 416 1581 curant,
457 1539 587 1587 quae
628 1529 802 1569 autem
843 1523 1069 1567 animans
1108 1526 1292 1566 natura
1329 1517 1452 1565 nihil
1490 1516 1710 1564 curans?

284 1603 511 1649 “Verius
549 1607 627 1647 est
663 1603 819 1663 igitur
854 1601 1089 1645 nimirum
1124 1596 1247 1644 illud
1283 1596 1419 1660 quod
1454 1593 1711 1642 familiaris

218 1683 442 1729 omnium
468 1685 695 1725 nostrum
722 1676 1017 1723 Posidonius
1043 1675 1279 1722 disseruit
1302 1676 1355 1720 in
1379 1672 1505 1720 libro
1532 1674 1710 1735 quinto

218 1760 283 1807 de
315 1764 498 1804 natura
530 1756 758 1810 deorum,
791 1753 953 1800 nullos
988 1769 1096 1800 esse
1129 1753 1250 1799 deos
1283 1751 1500 1814 Epicuro
1533 1750 1709 1806 videri,

219 1850 452 1899 quaeque
501 1835 541 1879 is
591 1833 654 1879 de
704 1832 810 1878 deis
857 1829 1208 1877 inmortalibus
1256 1829 1444 1876 dixerit
1489 1827 1708 1874 invidiae

219 1912 554 1962 detestandae
597 1913 762 1974 gratia
804 1910 1025 1963 dixisse3
1085 1923 1253 1970 neque
1297 1909 1432 1952 enim
1473 1911 1581 1952 tam
1622 1905 1709 1952 de-

218 1994 402 2054 sipiens
436 1988 615 2035 fuisset
646 1994 702 2033 ut
734 1984 1023 2033 homunculi
1056 1983 1269 2032 similem
1294 1983 1447 2030 deum
1475 1982 1708 2046 fingeret,

218 2068 525 2114 liniamentis
570 2065 840 2111 dumtaxat
885 2065 1125 2109 extremis
1168 2078 1269 2108 non
1312 2059 1490 2108 habitu
1534 2059 1709 2116 solide,

217 2145 457 2192 membris
473 2141 687 2189 hominis
704 2141 992 2204 praeditum
1011 2140 1242 2186 omnibus
1260 2155 1352 2186 usu
1367 2138 1708 2184 membrorum

217 2239 282 2269 ne
313 2224 519 2267 minimo
552 2219 775 2282 quidem,
808 2217 991 2265 exilem
1024 2217 1279 2280 quendam
1311 2223 1466 2278 atque
1497 2213 1710 2278 perluci-

217 2300 357 2355 dum,
382 2297 504 2344 nihil
539 2300 773 2359 cuiquam
809 2296 1122 2342 tribuentem
1159 2293 1280 2340 nihil
1316 2292 1709 2357 gratificantem,

576 2415 593 2440 ¹
623 2416 859 2454 referemus
881 2414 920 2453 Λ
945 2430 954 2453 :
988 2413 1214 2452 referimus
1230 2423 1303 2462 pr.
1325 2410 1380 2453 B.

632 2469 648 2493 ²
678 2467 903 2516 dilig-imus
925 2468 1027 2506 dett.
1048 2483 1058 2506 ε
1091 2465 1338 2517 diligemus.

732 2522 748 2545 ³
778 2520 896 2573 quod
923 2520 1107 2573 Mayor:
1141 2518 1260 2571 quid.

362 2578 380 2604 ⁸
408 2579 454 2618 ni
475 2577 576 2618 dect.
597 2594 607 2618 ε
640 2589 695 2617 ne
716 2576 775 2623 A,
797 2575 851 2616 B.
1099 2572 1117 2598 ⁶
1146 2574 1250 2614 est?
1274 2571 1460 2624 Mayor:
1491 2572 1560 2614 sit.

223 2647 315 2691 118
