1919 3006
958 175 1209 223 CICERO

338 307 588 355 iudicatur
630 314 683 353 et
725 310 776 353 in
818 311 949 353 vocis
994 314 1046 354 et
1087 310 1138 353 in
1180 308 1419 353 tibiarum
1462 322 1830 370 nervorumque

339 381 569 428 cantibus
613 382 829 426 varietas
874 395 1109 425 sonorum
1152 379 1417 426 intervalla
1459 379 1733 435 distinctio,
1777 385 1832 425 et

340 457 470 500 vocis
484 467 673 516 genera
686 449 957 513 permulta,
971 467 1208 497 canorum
1222 451 1436 507 fuscum,
1450 451 1561 498 leve
1579 467 1832 514 asperum,

339 542 492 590 grave
518 531 739 580 acutum,
765 523 984 571 flexibile
1009 524 1208 580 durum,
1233 542 1364 588 quae
1387 524 1646 571 hominum
1670 523 1832 571 solum

341 599 542 645 auribus
579 597 879 644 iudicantur.
941 596 1252 660 Nariumque
1284 600 1410 643 item
1437 604 1490 644 et
1513 597 1753 660 gustandi
1779 603 1833 643 et

340 670 589 734 <quadam
633 675 744 718 ex>1
780 677 927 731 parte
969 670 1214 732 tangendi
1257 685 1443 733 magna
1478 669 1662 716 iudicia
1698 675 1832 715 sunt.

341 742 425 789 Ad
473 758 596 804 quos
644 758 818 787 sensus
868 741 1137 802 capiendos
1188 748 1241 787 et
1287 740 1618 803 perfruendos
1666 739 1834 803 plures

342 818 498 862 etiam
522 830 674 876 quam
697 813 879 860 vellem
903 821 1036 860 artes
1059 821 1295 876 repertae
1317 821 1450 860 sunt.
1508 812 1835 875 Perspicuum

343 894 422 934 est
452 890 586 933 enim
617 903 716 949 quo
748 890 1117 949 conpositiones
1150 893 1543 949 unguentorum,
1573 902 1673 948 quo
1703 885 1836 932 cibo-

341 975 453 1006 rum
471 959 801 1014 conditiones,
820 975 919 1022 quo
938 975 1201 1020 corporum
1219 957 1467 1004 lenocinia
1482 960 1833 1020 processerint.

239 1039 316 1078 147
408 1032 542 1078 LIX.
582 1031 608 1047 ‘⁴
636 1031 744 1078 Iam
763 1048 881 1078 vero
902 1034 1125 1077 animum
1144 1034 1308 1092 ipsum
1328 1038 1659 1093 mentemque
1677 1028 1836 1076 homi-

342 1108 418 1152 nis
456 1107 706 1151 rationem
745 1103 1004 1150 consilium
1042 1104 1367 1166 prudentiam
1406 1107 1491 1166 qui
1530 1120 1631 1150 non
1668 1103 1837 1150 divina

344 1193 462 1223 cura
495 1174 724 1238 perfecta
760 1192 868 1221 esse
903 1179 1159 1238 perspicit,
1193 1179 1234 1222 is
1268 1174 1343 1222 his
1377 1178 1496 1237 ipsis
1529 1176 1680 1222 rebus
1713 1174 1837 1221 mihi
1902 1190 1910 1197 ·

346 1248 544 1295 videtur
571 1263 756 1294 carere.
820 1247 901 1293 De
929 1264 1028 1310 quo
1056 1248 1177 1294 dum
1205 1248 1518 1310 disputarem
1544 1254 1688 1294 tuam
1713 1245 1836 1292 mihi

345 1320 452 1368 dari
490 1319 688 1375 vellem,
727 1319 896 1375 Cotta,
932 1319 1290 1382 eloquentiam.
1374 1318 1488 1378 Quo
1514 1322 1648 1366 enim
1673 1325 1732 1365 tu
1752 1317 1837 1363 illa

345 1393 495 1440 modo
533 1393 725 1439 diceres
762 1399 954 1455 quanta
990 1396 1208 1454 primum
1244 1391 1614 1455 intellegentia,
1651 1391 1836 1438 deinde

345 1469 765 1528 consequentium
791 1481 960 1511 rerum
988 1481 1102 1511 cum
1129 1468 1300 1527 primis
1329 1466 1614 1511 coniunctio
1643 1470 1697 1510 et
1723 1479 1839 1509 con-

346 1536 613 1600 prehensio
636 1544 770 1583 esset
790 1539 841 1582 in
861 1537 1002 1583 nobis
1028 1552 1039 1592 ;
1079 1552 1142 1582 ex
1164 1553 1263 1599 quo
1284 1534 1518 1582 videlicet
1537 1535 1837 1581 iudicamus⁸

347 1609 468 1672 quid
489 1625 551 1655 ex
579 1609 861 1672 quibusque
887 1608 1037 1654 rebus
1063 1608 1306 1654 efficiatur
1330 1607 1484 1670 idque
1505 1609 1700 1653 ratione
1720 1622 1837 1653 con-

347 1681 611 1738 cludimus,
646 1680 969 1744 singulasque
1008 1696 1086 1726 res
1134 1679 1399 1727 definimus
1442 1681 1838 1741 circumscripte-

348 1769 447 1816 que
500 1752 915 1815 complectimur3
978 1769 1041 1799 ex
1106 1769 1205 1815 quo
1258 1754 1468 1798 scientia
1522 1750 1838 1815 intellegitur

348 1841 500 1888 quam
542 1827 641 1870 vim
682 1823 872 1872 habeat
913 1824 1252 1888 qualis<que>³
1288 1827 1371 1879 sit,
1407 1839 1509 1886 qua
1543 1839 1608 1869 ne
1648 1825 1701 1869 in
1740 1823 1837 1870 deo

349 1898 553 1961 quidem
589 1904 666 1944 est
698 1913 777 1944 res
812 1896 909 1942 ulla
944 1900 1297 1959 praestantior.
1366 1895 1573 1954 Quanta
1604 1911 1722 1942 vero
1754 1893 1839 1941 illa

349 1977 484 2025 sunt,
513 1986 644 2032 quae
674 1987 758 2016 vos
788 1970 1077 2016 Academici
1107 1969 1370 2015 infirmatis
1401 1975 1455 2014 et
1482 1967 1674 2024 tollitis,
1703 1967 1839 2031 quod

350 2050 403 2089 et
432 2043 658 2088 sensibus
689 2049 742 2088 et
772 2045 937 2088 animo
967 2058 1029 2088 ea
1057 2057 1187 2104 quae
1218 2048 1363 2087 extra
1390 2047 1509 2087 sunt
1536 2042 1839 2103 percipimus

243 2122 321 2161 148
348 2121 502 2177 atque
532 2114 918 2176 conprendimus
943 2129 955 2170 ;
1003 2130 1065 2160 ex
1095 2114 1275 2177 quibus
1305 2112 1514 2160 conlatis
1542 2115 1676 2158 inter
1702 2127 1757 2158 se
1787 2118 1841 2159 et

408 2202 425 2227 ¹
455 2203 507 2243 ci.
531 2202 754 2253 Plasberq.

409 2256 425 2281 ²
456 2255 674 2301 (videlicet
732 2256 978 2296 iudicamus
1027 2256 1265 2307 Plasberqz
1341 2254 1588 2295 iudicamus
1639 2252 1840 2294 videlicet

366 2310 572 2360 Vahlen):
603 2309 804 2350 videlicet
825 2311 884 2357 Α,
906 2310 1106 2350 videmus
1127 2309 1180 2350 B.

411 2365 427 2388 ³
462 2364 620 2405 Moser.

413 2474 432 2492 ‘²
464 2467 505 2509 It
529 2470 563 2508 is
588 2470 709 2519 quite
733 2467 925 2520 possible
949 2467 1045 2508 that
1068 2467 1142 2507 the
1165 2466 1287 2507 three
1310 2465 1454 2507 words
1478 2466 1684 2512 varietas,
1708 2465 1841 2505 inter-

356 2523 492 2569 valla,
517 2523 741 2562 distinctio
764 2536 838 2563 are
860 2521 1025 2573 merely
1047 2535 1074 2562 a
1096 2521 1362 2574 periphrasis
1383 2521 1453 2561 for
1473 2519 1547 2561 the
1569 2518 1709 2572 single
1730 2523 1838 2560 term

364 2586 459 2634 264
