1853 3001
895 180 1148 232 CICERO

276 313 506 361 membra
533 315 721 377 partim
750 312 984 361 ardentia
1011 316 1198 376 partim
1226 312 1530 379 refrigerata
1557 312 1773 364 dicenda

275 397 410 438 sunt.

198 475 251 516 25
338 466 368 484 “
392 469 567 532 Atque
597 467 724 515 haec
756 468 963 532 quidem
994 475 1180 525 vestra,
1212 466 1408 526 Lucili;
1455 467 1625 533 qualia
1653 485 1773 518 vero

278 545 303 573 *
322 545 349 574 ‘¹‘
368 550 483 602 est,1
504 545 567 593 ab
587 545 765 593 ultimo
784 553 1018 609 repetam
1036 548 1367 609 superiorum.
1434 545 1618 595 Thales
1638 549 1772 595 enim

279 622 527 680 Milesius,
577 627 664 688 qui
712 627 905 687 primus
956 624 1021 671 de
1071 623 1258 670 talibus
1308 623 1460 671 rebus
1506 627 1774 688 quaesivit,

276 716 463 764 aquam
488 692 619 749 dixit
645 717 756 749 esse
781 704 984 748 initium
1008 717 1197 758 rerum,
1222 701 1378 749 deum
1404 717 1519 748 eam
1543 709 1773 749 mentem

276 794 408 841 quae
447 794 511 826 ex
549 796 683 843 aqua
719 786 903 826 cuncta
940 779 1286 843 fingeret—si²
1323 779 1375 826 di
1411 785 1624 842 possunt
1662 793 1772 826 esse

276 857 383 902 sine
412 872 598 912 sensu;
647 863 700 903 et
727 863 977 903 mentem³
1007 873 1095 903 cur
1124 872 1287 919 aquae
1317 856 1567 912 adiunxit,
1596 859 1637 903 si
1663 860 1774 919 ipsa

274 947 418 981 mens
439 941 671 981 constare
691 941 865 998 potest
885 950 1067 980 vacans
1089 950 1296 996 corpore
1319 933 1338 980 ?
1406 933 1771 981 Anaximandri

275 1017 450 1058 autem
480 1015 648 1075 opinio
679 1018 758 1059 est
787 1015 984 1058 nativos
1015 1027 1125 1058 esse
1155 1011 1277 1058 deos
1307 1009 1468 1075 longis
1496 1009 1773 1058 intervallis

274 1092 482 1136 orientis
536 1089 933 1152 occidentisque,
988 1105 1176 1152 eosque
1229 1087 1609 1135 innumerabilis
1663 1104 1774 1136 esse

274 1167 504 1214 mundos.
574 1166 676 1214 Sed
693 1183 782 1214 nos
802 1167 957 1214 deum
975 1169 1070 1213 nisi
1086 1169 1456 1229 sempiternum
1471 1164 1774 1230 intellegere

196 1249 251 1288 26
275 1247 362 1307 qui
379 1261 645 1307 possumus
668 1244 687 1291 ?
755 1243 878 1291 Post
896 1245 1242 1290 Anaximenes
1263 1259 1383 1290 aera
1400 1243 1554 1290 deum
1572 1245 1775 1299 statuit,

275 1336 496 1385 eumque
540 1325 682 1386 gigni
729 1337 942 1385 esseque
986 1324 1274 1368 inmensum
1321 1327 1375 1367 et
1418 1320 1673 1367 infinitum
1719 1327 1774 1367 et

274 1413 477 1462 semper
500 1403 552 1446 in
577 1407 722 1447 motu
745 1416 756 1446 :
802 1402 945 1463 quasi
971 1401 1062 1446 aut
1088 1412 1174 1445 aer
1199 1401 1307 1445 sine
1333 1397 1435 1444 ulla
1459 1396 1622 1445 forma
1647 1397 1773 1445 deus

275 1490 385 1523 esse
415 1481 594 1541 possit,
623 1494 739 1524 cum
770 1477 1073 1540 praesertim
1104 1475 1258 1524 deum
1289 1492 1392 1522 non
1421 1475 1572 1522 modo
1604 1473 1773 1538 aliqua

273 1554 364 1602 sed
397 1554 735 1617 pulcherrima
775 1557 944 1618 specie
980 1554 1163 1601 deceat
1205 1569 1332 1608 esse,
1360 1559 1450 1600 aut
1484 1569 1586 1600 non
1621 1568 1771 1599 omne

275 1633 412 1695 quod
452 1640 620 1679 ortum
660 1635 727 1680 sit
766 1631 1049 1679 mortalitas
1091 1637 1446 1694 consequatur.
1513 1628 1605 1676 XI.
1641 1629 1770 1677 Inde

273 1711 624 1774 Anaxagoras,
651 1713 739 1774 qui
768 1712 966 1772 accepit
994 1710 1059 1758 ab
1087 1709 1409 1755 Anaximene
1436 1705 1770 1770 disciplinam,

272 1790 463 1849 primus
485 1791 711 1834 omnium
731 1803 901 1834 rerum
923 1787 1303 1849 discriptionem
1324 1791 1380 1832 et
1399 1784 1608 1832 modum
1627 1798 1770 1831 men—

273 1867 338 1911 tis
361 1865 590 1912 infinitae
616 1868 663 1911 vi
689 1881 746 1912 ac
769 1867 967 1912 ratione
999 1865 1264 1927 dissignari
1294 1867 1348 1909 et
1377 1861 1555 1909 confici
1579 1860 1768 1918 voluit3

271 1943 325 1988 in
366 1958 465 2006 quo
506 1959 608 1990 non
651 1943 776 1990 vidit
812 1957 980 2005 neque
1015 1948 1212 1988 motum
1247 1941 1416 1986 sensui
1448 1941 1678 1985 iunctum
1714 1943 1768 1986 et

271 2022 621 2067 continentem
667 2023 719 2066 in
765 2020 982 2066 infinito⁴
1030 2017 1188 2065 ullum
1236 2032 1346 2064 esse
1391 2031 1557 2079 posse,
1598 2031 1766 2079 neque

271 2112 477 2143 sensum
507 2100 711 2144 omnino
743 2114 843 2160 quo
875 2113 977 2143 non
1006 2099 1117 2159 ipsa
1146 2101 1330 2141 natura
1359 2090 1505 2156 pulsa
1533 2095 1763 2140 sentiret.

273 2172 475 2221 Deinde
501 2177 543 2221 si
567 2182 797 2221 mentem
821 2177 973 2221 istam
999 2175 1142 2236 quasi
1169 2169 1354 2219 animal
1380 2169 1585 2233 aliquod
1608 2168 1766 2217 voluit

272 2266 401 2306 esse,
422 2255 519 2299 erit
540 2251 729 2315 aliquid
749 2254 961 2298 interius
983 2267 1047 2298 ex
1069 2266 1169 2314 quo
1189 2248 1313 2296 illud
1334 2245 1519 2298 animal
1540 2248 1767 2293 nomine-

333 2380 350 2405 ¹
380 2379 531 2432 qualia
550 2393 655 2420 uero
682 2379 770 2420 alia
790 2381 877 2420 sint
896 2379 936 2419 B
955 2392 1065 2419 corr.
1087 2395 1097 2406 ·
1141 2377 1216 2418 sed
1242 2376 1336 2417 veri
1353 2374 1499 2416 simile
1523 2378 1584 2414 est
1608 2374 1763 2427 aliqua

275 2434 402 2474 verba
421 2434 640 2474 excidisse.
1188 2430 1204 2454 ²
1235 2432 1272 2471 si
1292 2431 1393 2477 det„
1412 2429 1475 2469 sio
1493 2427 1554 2476 A,
1574 2426 1628 2469 Β.

334 2487 350 2511 ³
381 2492 574 2528 mentem
595 2488 648 2536 B,
671 2491 818 2528 mente
838 2490 931 2527 cett.
948 2503 959 2533 ς
984 2489 1085 2538 post
1107 2488 1253 2525 mente
1274 2483 1476 2524 lacunam
1496 2481 1596 2524 edd.

332 2542 350 2566 ⁴
379 2542 723 2583 incontinentem
744 2540 916 2582 infinito
935 2540 996 2588 A,
1016 2538 1071 2581 Β.

275 2610 337 2654 28
