1853 3001
919 193 1170 242 CICERO

300 329 585 375 innantium
626 323 908 380 beluarum,
945 327 1131 386 partim
1167 324 1233 372 ad
1270 341 1393 372 saxa
1427 327 1609 373 nativis
1645 332 1792 373 testis

299 409 672 457 inhaerentium
696 407 705 453 ἔ
777 406 950 469 Ipsum
976 413 1149 453 autem
1167 422 1307 453 mare
1333 408 1402 453 sic
1420 413 1610 454 terram
1639 422 1793 470 appe-

298 498 412 539 tens
430 489 658 536 litoribus
679 487 857 534 alludit
874 494 931 534 ut
949 503 1051 534 una
1069 503 1133 534 ex
1150 487 1346 535 duabus
1364 490 1557 535 naturis
1575 487 1792 536 conflata

195 579 272 620 101
300 572 547 620 videatur.
617 569 750 616 Exin
779 571 906 615 mari
939 568 1197 616 finitumus
1225 585 1311 616 aer
1343 568 1425 616 die
1460 576 1514 617 et
1545 576 1695 617 nocte
1720 569 1794 616 di-

299 656 592 717 stinguitur,
628 655 771 714 isque
808 657 920 697 tum
956 649 1095 697 fusus
1139 657 1192 697 et
1230 657 1537 698 extenuatus
1579 650 1793 697 sublime

298 734 598 790 fertur,tum
616 739 790 779 autem
807 739 1070 779 concretus
1086 734 1137 778 in
1154 733 1314 778 nubes
1330 735 1528 795 cogitur
1543 748 1793 779 umorem-

299 832 398 880 que
442 815 680 878 colligens
719 821 908 860 terram
948 820 1104 877 auget
1140 814 1400 869 imbribus,
1437 821 1548 860 tum
1585 813 1792 861 effluens

297 897 395 944 huc
422 904 475 943 et
499 896 615 943 illuc
640 902 818 942 ventos
845 895 1011 942 efficit.
1083 894 1227 942 Idem
1254 911 1445 942 annuas
1470 894 1713 959 frigorum
1739 902 1793 942 et

297 979 519 1027 calorum
549 976 672 1024 facit
703 980 996 1032 varietates,
1027 976 1267 1040 idemque
1301 984 1354 1023 et
1385 976 1581 1024 volatus
1614 976 1790 1024 alitum

296 1064 515 1109 sustinet
535 1066 589 1106 et
607 1062 806 1121 spiritu1
826 1059 1008 1105 ductus
1029 1057 1119 1104 alit
1139 1065 1192 1104 et
1211 1065 1468 1106 sustentat
1488 1062 1789 1106 animantes.

298 1143 408 1190 XL.
446 1142 628 1188 Restat
654 1140 861 1187 ultimus
890 1147 944 1187 et
970 1156 1001 1186 a
1027 1139 1286 1187 domiciliis
1312 1143 1494 1187 nostris
1522 1140 1790 1187 altissimus

299 1227 469 1272 omnia
494 1227 701 1287 cingens
727 1229 781 1269 et
804 1238 1038 1269 coercens
1063 1221 1188 1268 caeli
1211 1221 1520 1284 complexus,
1544 1225 1631 1286 qui
1653 1222 1788 1269 idem

297 1305 477 1353 aether
504 1311 728 1360 vocatur,
758 1310 989 1350 extrema
1016 1320 1102 1350 ora
1131 1309 1184 1350 et
1211 1303 1569 1350 determinatio
1596 1303 1789 1359 mundi,

298 1391 349 1434 in
389 1404 488 1451 quo
529 1403 644 1433 cum
684 1384 1078 1432 admirabilitate
1116 1388 1340 1431 maxima
1376 1388 1558 1449 igneae
1596 1384 1787 1431 formae

192 1476 270 1517 102
296 1485 467 1515 cursus
497 1468 753 1515 ordinatos
784 1466 1048 1514 definiunt.
1117 1466 1161 1512 E
1190 1467 1371 1529 quibus
1399 1465 1489 1523 sol,
1516 1469 1655 1513 cuius
1683 1483 1786 1512 ma-

294 1549 562 1615 gnitudine
579 1547 752 1595 multis
769 1548 999 1611 partibus
1017 1554 1153 1594 terra
1170 1555 1454 1610 superatur,
1470 1550 1655 1594 circum
1673 1564 1786 1594 eam

294 1635 454 1695 ipsam
474 1629 705 1685 volvitur,
725 1632 868 1692 isque
892 1632 1056 1676 oriens
1077 1635 1130 1676 et
1150 1629 1380 1675 occidens
1403 1629 1539 1676 diem
1562 1635 1788 1676 noctem-

296 1729 395 1777 que
426 1712 643 1766 conficit,
671 1717 724 1758 et
753 1710 904 1757 modo
930 1710 1173 1757 accedens
1199 1717 1310 1757 tum
1340 1717 1514 1757 autem
1544 1711 1785 1757 recedens

295 1795 438 1842 binas
470 1797 523 1839 in
555 1791 763 1856 singulis
797 1795 939 1838 annis
970 1794 1280 1838 reversiones
1313 1791 1377 1838 ab
1411 1798 1641 1838 extremo
1672 1809 1788 1838 cor.-

295 1878 474 1922 trarias
500 1873 640 1929 facit,
668 1889 882 1936 quarum
907 1876 959 1919 in
984 1872 1249 1919 intervallo
1274 1880 1386 1919 tum
1412 1875 1555 1936 quasi
1579 1876 1787 1920 tristitia

296 1957 516 2020 quadam
547 1953 800 2001 contrahit
830 1961 1037 2009 terram,
1068 1961 1179 2000 tum
1211 1957 1424 2000 vicissim
1455 1952 1697 2001 laetificat
1728 1961 1786 2002 ut

192 2045 269 2086 103
293 2054 407 2085 cum
431 2035 569 2084 caelo
592 2035 808 2082 hilarata
831 2035 1076 2082 videatur.
1147 2034 1293 2081 Luna
1317 2042 1507 2091 autem,
1531 2051 1662 2098 quae
1687 2042 1783 2091 est,

294 2126 352 2166 ut
377 2118 656 2166 ostendunt
680 2115 1047 2172 mathematici,
1073 2119 1232 2162 maior
1257 2132 1409 2179 quam
1435 2117 1642 2164 dimidia
1665 2132 1780 2179 pars

294 2207 480 2255 terrae,
520 2199 681 2246 isdem
721 2201 895 2260 spatiis
936 2204 1151 2261 vagatur
1190 2198 1371 2260 quibus
1411 2196 1501 2253 sol,
1539 2197 1631 2244 sed
1669 2204 1780 2244 tum

295 2281 625 2345 congrediens
655 2296 769 2326 cum
800 2278 902 2325 sole
932 2286 1043 2325 tum
1073 2279 1361 2341 digrediens
1392 2285 1446 2325 et
1475 2294 1588 2325 eam
1617 2278 1781 2325 lucem

296 2379 448 2426 quam
483 2378 514 2408 a
546 2360 650 2408 sole
686 2363 882 2423 accepit
915 2363 1077 2406 mittit
1110 2363 1162 2405 in
1196 2367 1356 2406 terras
1392 2366 1447 2407 et
1479 2362 1640 2406 varias
1673 2362 1779 2424 ipsa

783 2468 800 2494 ²
829 2470 985 2521 spiritu
1006 2467 1121 2508 (ἰείη
1152 2469 1344 2520 spiritus.

296 2634 393 2676 220
