1853 3001
858 159 1108 207 CICERO

240 294 427 336 virtute
445 289 658 352 gaudet,
676 287 835 336 habet
855 289 1175 352 exploratum
1192 288 1301 337 fore
1319 305 1374 337 se
1393 305 1594 352 semper
1611 304 1726 336 cum

160 367 214 406 52
239 364 290 407 in
306 364 540 407 maximis
559 367 671 406 tum
688 363 742 406 in
761 364 982 407 aeternis
1001 361 1362 424 voluptatibus.
1428 361 1542 408 XX.
1578 361 1729 408 Hunc

238 433 391 479 deum
409 436 508 479 rite
528 433 739 478 beatum
759 432 1051 488 dixerimus,
1070 440 1295 479 vestrum
1314 448 1433 479 vero
1451 432 1731 479 laboriosis·-

238 507 435 551 simum.
504 503 618 550 Sive
640 507 774 550 enim
793 507 901 566 ipse
920 505 1138 551 mundus
1159 505 1283 552 deus
1304 511 1400 560 est,
1420 505 1541 568 quid
1559 511 1732 567 potest

239 593 348 622 esse
392 579 557 623 minus
602 579 834 638 quietum
879 592 1032 638 quam
1076 576 1212 623 nullo
1255 583 1445 640 puncto
1488 579 1731 639 temporis

236 651 523 694 intermisso
578 650 765 694 versari
820 650 1006 694 circum
1063 664 1213 694 axem
1268 647 1395 695 caeli
1450 646 1732 695 admirabili

235 719 542 767 celeritate?
596 722 690 765 nisi
728 723 961 782 quietum
998 726 1173 766 autern
1208 718 1332 766 nihil
1366 720 1579 766 beatum
1616 725 1730 775 est3

235 794 339 838 sive
375 795 427 838 in
464 790 633 856 [ipso]1
670 791 860 838 mundo
897 792 1021 838 deus
1057 794 1192 838 inest
1227 791 1405 855 aliquis
1442 794 1529 854 qui
1563 797 1729 855 regat,

235 866 321 927 qui
352 864 624 926 gubernet,
657 866 743 926 qui
774 880 945 910 cursus
979 869 1228 910 astrorum
1258 866 1568 910 mutationes
1599 870 1731 909 tem-

233 951 413 997 porum
455 950 625 980 rerum
667 935 1035 981 vicissitudines
1079 935 1382 998 ordinesque
1425 938 1727 989 conservet,²

232 1013 394 1053 terras
446 1013 500 1053 et
547 1008 707 1052 maria
755 1005 1105 1068 contemplans
1154 1004 1416 1053 hominum
1464 1006 1730 1053 commoda

233 1082 466 1141 vitasque
518 1084 744 1132 tueatur,
797 1093 861 1123 ne
914 1077 997 1123 ille
1052 1084 1131 1124 est
1181 1077 1451 1141 inplicatus
1502 1076 1728 1124 molestis

154 1157 208 1196 53
233 1153 451 1213 negotiis
487 1155 540 1195 et
574 1148 828 1211 operosis!
899 1148 1001 1195 Nos
1037 1156 1211 1196 autem
1245 1150 1453 1195 beatam
1486 1152 1644 1195 vitam
1676 1152 1730 1195 in

234 1224 387 1268 animi
421 1223 696 1267 securitate
732 1226 786 1266 et
817 1222 870 1265 in
904 1223 1130 1266 omnium
1162 1223 1428 1268 vacatione
1459 1236 1730 1267 munerum

231 1296 481 1354 ponimus.
550 1291 740 1338 Docuit
768 1294 903 1337 enim
932 1308 1021 1338 nos
1049 1292 1186 1338 idem
1215 1295 1301 1355 qui
1327 1299 1517 1348 cetera,
1545 1300 1730 1339 natura

234 1363 473 1410 effectum
519 1379 628 1409 esse
673 1363 938 1417 mundum,
983 1362 1107 1408 nihil
1151 1379 1276 1425 opus
1321 1361 1475 1409 fuisse
1519 1362 1729 1419 fabrica,

232 1443 443 1498 tamque
468 1451 581 1480 eam
603 1450 712 1480 rem
737 1450 845 1480 esse
869 1432 1070 1480 facilem
1093 1451 1247 1497 quam
1269 1451 1355 1481 vos
1378 1435 1504 1481 effici
1527 1439 1727 1500 negatis

231 1509 338 1553 sine
376 1507 545 1552 divina
579 1521 726 1567 posse
762 1504 1002 1560 sollertia,
1037 1512 1096 1551 ut
1129 1506 1509 1553 innumerabilis
1543 1514 1728 1554 natura

230 1578 445 1624 mundos
489 1575 732 1623 effectura
774 1579 839 1623 sit
881 1576 1065 1623 efficiat
1108 1575 1347 1624 effecerit.
1416 1577 1566 1636 Quod
1608 1583 1727 1643 quia

231 1665 385 1712 quem
420 1649 485 1695 ad
517 1649 726 1695 modum
759 1655 943 1694 natura
976 1648 1173 1695 efficere
1207 1651 1315 1695 sine
1349 1647 1518 1712 aliqua
1548 1657 1726 1697 mente

229 1723 389 1782 possit
422 1735 524 1765 non
558 1719 759 1775 videtis,
794 1726 853 1766 ut
887 1723 1067 1783 tragici
1100 1726 1287 1782 poetae
1322 1737 1437 1766 cum
1472 1721 1726 1784 explicare

231 1792 521 1854 argumenti
549 1793 744 1836 exitum
772 1807 873 1836 non
900 1794 1116 1852 potestis
1144 1790 1415 1856 confugitis
1443 1792 1509 1839 ad
1536 1793 1725 1851 deum3

152 1870 206 1908 54
229 1866 368 1908 cuius
393 1877 600 1924 operam
623 1860 852 1923 profecto
875 1879 977 1908 non
1001 1862 1356 1910 desideraretis
1379 1866 1420 1910 si
1441 1867 1724 1913 inmensam

230 1940 284 1979 et
339 1935 720 1978 interminatam
777 1935 830 1978 in
886 1937 1047 1980 omnis
1102 1938 1261 1997 partis
1316 1936 1720 1999 magnitudinem

228 2007 493 2067 regionum
530 2004 787 2059 videretis,
823 2007 874 2049 in
912 2021 1065 2067 quam
1101 2021 1156 2051 56
1191 2008 1400 2053 iniciens
1436 2011 1638 2054 animus
1669 2015 1725 2064 et

227 2075 500 2121 intendens
530 2077 605 2121 ita
635 2074 739 2121 late
771 2074 1025 2138 longeque
1056 2080 1413 2140 peregrinatur
1443 2085 1502 2125 ut
1532 2078 1721 2126 nullam

228 2152 403 2192 tamen
421 2162 561 2191 oram
580 2144 764 2191 ultimi³
784 2146 955 2192 videat
978 2150 1030 2192 in
1053 2164 1154 2210 qua
1174 2151 1334 2210 possit
1351 2151 1599 2198 insistere.
1659 2151 1722 2199 In

826 2244 842 2267 1
873 2243 1130 2285 Selzosmann.

672 2297 688 2321 ²
718 2303 943 2337 conservet
963 2306 985 2342 <
1002 2302 1045 2338 et
1061 2305 1084 2344 >
1102 2298 1279 2340 Davies.

813 2351 830 2375 ³
860 2350 1063 2392 ultimam
1083 2352 1260 2394 Davies.

295 2461 314 2481 ⁶
343 2455 438 2497 The
463 2457 567 2496 deus
593 2469 641 2496 ea:
665 2457 867 2496 machina
895 2457 1152 2497 introduced
1181 2472 1286 2499 near
1311 2457 1388 2499 the
1406 2443 1491 2501 end
1521 2461 1573 2502 of
1593 2454 1721 2505 some

236 2508 384 2551 Greek
402 2509 637 2563 tragedias,
657 2514 704 2551 to
723 2515 798 2551 cut
817 2511 892 2551 the
912 2510 1024 2552 knot
1046 2513 1098 2552 of
1115 2512 1191 2552 the
1210 2510 1428 2565 plon-was
1450 2511 1720 2567 proverbiak'

236 2581 298 2622 62
