<?xml version="1.0" encoding="UTF-8"?>
<!DOCTYPE html PUBLIC "-//W3C//DTD XHTML 1.0 Transitional//EN"
    "http://www.w3.org/TR/xhtml1/DTD/xhtml1-transitional.dtd">
<html xmlns="http://www.w3.org/1999/xhtml" xml:lang="en" lang="en">
 <head>
  <title>
</title>
<meta http-equiv="Content-Type" content="text/html;charset=utf-8" />
  <meta name='ocr-system' content='tesseract 3.04.00' />
  <meta name='ocr-capabilities' content='ocr_page ocr_carea ocr_par ocr_line ocrx_word'/>
</head>
<body>
  <div class='ocr_page' id='page_1' title='image "./denaturadeorumac00ciceuoft_0452.png"; bbox 0 0 1919 3006; ppageno 0'>
   <div class='ocr_carea' id='block_1_1' title="bbox 947 215 1199 265">
    <p class='ocr_par' dir='ltr' id='par_1_1' title="bbox 947 215 1199 265">
     <span class='ocr_line' id='line_1_1' title="bbox 947 215 1199 265; baseline 0.012 -3"><span class='ocrx_word' id='word_1_1' title='bbox 947 215 1199 265; x_wconf 89' lang='lat' dir='ltr'>CICERO</span> 
     </span>
    </p>
   </div>
   <div class='ocr_carea' id='block_1_2' title="bbox 325 341 1821 413">
    <p class='ocr_par' dir='ltr' id='par_1_2' title="bbox 325 341 1821 413">
     <span class='ocr_line' id='line_1_2' title="bbox 325 341 1821 413; baseline 0.006 -24"><span class='ocrx_word' id='word_1_2' title='bbox 325 341 590 400; x_wconf 90' lang='lat' dir='ltr'>incohasti,</span> <span class='ocrx_word' id='word_1_3' title='bbox 603 344 667 391; x_wconf 90' lang='lat' dir='ltr'>ad</span> <span class='ocrx_word' id='word_1_4' title='bbox 683 344 1049 407; x_wconf 91' lang='lat' dir='ltr'>impellendum</span> <span class='ocrx_word' id='word_1_5' title='bbox 1060 350 1201 403; x_wconf 87' lang='lat' dir='ltr'>satis,</span> <span class='ocrx_word' id='word_1_6' title='bbox 1213 346 1279 394; x_wconf 91' lang='lat' dir='ltr'>ad</span> <span class='ocrx_word' id='word_1_7' title='bbox 1295 347 1612 396; x_wconf 90' lang='lat' dir='ltr'>edocendum</span> <span class='ocrx_word' id='word_1_8' title='bbox 1627 366 1821 413; x_wconf 91' lang='lat' dir='ltr'>parum.</span> 
     </span>
    </p>
   </div>
   <div class='ocr_carea' id='block_1_3' title="bbox 251 433 1825 502">
    <p class='ocr_par' dir='ltr' id='par_1_3' title="bbox 251 433 1825 502">
     <span class='ocr_line' id='line_1_3' title="bbox 251 433 1825 502; baseline 0.005 -21"><span class='ocrx_word' id='word_1_9' title='bbox 251 443 300 482; x_wconf 94' lang='grc'>10</span> <span class='ocrx_word' id='word_1_10' title='bbox 325 433 540 482; x_wconf 84' lang='lat' dir='ltr'><strong>Causam</strong></span> <span class='ocrx_word' id='word_1_11' title='bbox 586 442 761 482; x_wconf 87' lang='lat' dir='ltr'>autem</span> <span class='ocrx_word' id='word_1_12' title='bbox 802 437 1117 499; x_wconf 84' lang='lat' dir='ltr'>probabilem</span> <span class='ocrx_word' id='word_1_13' title='bbox 1159 445 1218 485; x_wconf 91' lang='lat' dir='ltr'>tu</span> <span class='ocrx_word' id='word_1_14' title='bbox 1259 439 1467 502; x_wconf 91' lang='lat' dir='ltr'>quidem</span> <span class='ocrx_word' id='word_1_15' title='bbox 1509 439 1695 498; x_wconf 85' lang='lat' dir='ltr'><strong>adfers,</strong></span> <span class='ocrx_word' id='word_1_16' title='bbox 1737 449 1825 489; x_wconf 91' lang='lat' dir='ltr'>aut</span> 
     </span>
    </p>
   </div>
   <div class='ocr_carea' id='block_1_4' title="bbox 254 1635 302 1674">
    <p class='ocr_par' dir='ltr' id='par_1_4' title="bbox 254 1635 302 1674">
     <span class='ocr_line' id='line_1_4' title="bbox 254 1635 302 1674; baseline 0 0"><span class='ocrx_word' id='word_1_17' title='bbox 254 1635 302 1674; x_wconf 93' lang='lat'>11</span> 
     </span>
    </p>
   </div>
   <div class='ocr_carea' id='block_1_5' title="bbox 323 526 1833 2430">
    <p class='ocr_par' dir='ltr' id='par_1_5' title="bbox 323 526 1833 2430">
     <span class='ocr_line' id='line_1_5' title="bbox 326 526 1826 593; baseline 0.006 -22"><span class='ocrx_word' id='word_1_18' title='bbox 326 529 460 572; x_wconf 85' lang='lat' dir='ltr'>enim</span> <span class='ocrx_word' id='word_1_19' title='bbox 491 526 687 573; x_wconf 89' lang='lat' dir='ltr'>Graeca</span> <span class='ocrx_word' id='word_1_20' title='bbox 713 527 887 592; x_wconf 87' lang='lat' dir='ltr'>legere</span> <span class='ocrx_word' id='word_1_21' title='bbox 910 529 1105 576; x_wconf 89' lang='lat' dir='ltr'>malent</span> <span class='ocrx_word' id='word_1_22' title='bbox 1131 534 1215 593; x_wconf 94' lang='lat' dir='ltr'>qui</span> <span class='ocrx_word' id='word_1_23' title='bbox 1243 538 1394 578; x_wconf 85' lang='lat' dir='ltr'>erunt</span> <span class='ocrx_word' id='word_1_24' title='bbox 1419 532 1622 589; x_wconf 88' lang='lat' dir='ltr'>eruditi,</span> <span class='ocrx_word' id='word_1_25' title='bbox 1647 540 1737 579; x_wconf 87' lang='lat' dir='ltr'>aut</span> <span class='ocrx_word' id='word_1_26' title='bbox 1761 549 1826 581; x_wconf 90' lang='lat' dir='ltr'>ne</span> 
     </span>
     <span class='ocr_line' id='line_1_6' title="bbox 323 616 1827 682; baseline 0.005 -18"><span class='ocrx_word' id='word_1_27' title='bbox 323 616 451 665; x_wconf 90' lang='lat' dir='ltr'>haec</span> <span class='ocrx_word' id='word_1_28' title='bbox 480 619 687 682; x_wconf 87' lang='lat' dir='ltr'>quidem</span> <span class='ocrx_word' id='word_1_29' title='bbox 718 623 804 682; x_wconf 92' lang='lat' dir='ltr'>qui</span> <span class='ocrx_word' id='word_1_30' title='bbox 833 620 918 667; x_wconf 91' lang='lat' dir='ltr'>illa</span> <span class='ocrx_word' id='word_1_31' title='bbox 947 624 1210 678; x_wconf 83' lang='lat' dir='ltr'>nesciunt3</span> <span class='ocrx_word' id='word_1_32' title='bbox 1259 622 1349 669; x_wconf 90' lang='lat' dir='ltr'>sed</span> <span class='ocrx_word' id='word_1_33' title='bbox 1385 623 1451 670; x_wconf 93' lang='lat' dir='ltr'>da</span> <span class='ocrx_word' id='word_1_34' title='bbox 1478 623 1600 670; x_wconf 87' lang='lat' dir='ltr'>mihi</span> <span class='ocrx_word' id='word_1_35' title='bbox 1631 641 1827 671; x_wconf 89' lang='lat' dir='ltr'>nunc-—</span> 
     </span>
     <span class='ocr_line' id='line_1_7' title="bbox 326 711 1827 779; baseline 0.005 -24"><span class='ocrx_word' id='word_1_36' title='bbox 326 713 516 757; x_wconf 87' lang='lat' dir='ltr'>satisne</span> <span class='ocrx_word' id='word_1_37' title='bbox 553 711 778 773; x_wconf 89' lang='lat' dir='ltr'>probas?</span> <span class='ocrx_word' id='word_1_38' title='bbox 852 711 1015 759; x_wconf 91' lang='lat' dir='ltr'>Immo</span> <span class='ocrx_word' id='word_1_39' title='bbox 1057 730 1175 760; x_wconf 89' lang='lat' dir='ltr'>vero</span> <span class='ocrx_word' id='word_1_40' title='bbox 1215 721 1269 761; x_wconf 91' lang='lat' dir='ltr'>et</span> <span class='ocrx_word' id='word_1_41' title='bbox 1305 713 1432 762; x_wconf 92' lang='lat' dir='ltr'>haec</span> <span class='ocrx_word' id='word_1_42' title='bbox 1473 718 1560 779; x_wconf 93' lang='lat' dir='ltr'>qui</span> <span class='ocrx_word' id='word_1_43' title='bbox 1606 715 1691 762; x_wconf 89' lang='lat' dir='ltr'>illa</span> <span class='ocrx_word' id='word_1_44' title='bbox 1727 733 1827 763; x_wconf 91' lang='lat' dir='ltr'>non</span> 
     </span>
     <span class='ocr_line' id='line_1_8' title="bbox 325 803 1827 867; baseline 0.005 -19"><span class='ocrx_word' id='word_1_45' title='bbox 325 808 570 863; x_wconf 88' lang='lat' dir='ltr'>poterunt</span> <span class='ocrx_word' id='word_1_46' title='bbox 591 809 644 850; x_wconf 93' lang='lat' dir='ltr'>et</span> <span class='ocrx_word' id='word_1_47' title='bbox 664 807 750 866; x_wconf 95' lang='lat' dir='ltr'>qui</span> <span class='ocrx_word' id='word_1_48' title='bbox 771 803 967 850; x_wconf 89' lang='lat' dir='ltr'>Graeca</span> <span class='ocrx_word' id='word_1_49' title='bbox 986 812 1230 867; x_wconf 90' lang='lat' dir='ltr'>poterunt</span> <span class='ocrx_word' id='word_1_50' title='bbox 1250 823 1351 853; x_wconf 90' lang='lat' dir='ltr'>non</span> <span class='ocrx_word' id='word_1_51' title='bbox 1370 813 1703 855; x_wconf 78' lang='lat' dir='ltr'>contemnent</span> <span class='ocrx_word' id='word_1_52' title='bbox 1722 824 1827 854; x_wconf 88' lang='lat' dir='ltr'>sua.</span> 
     </span>
     <span class='ocr_line' id='line_1_9' title="bbox 327 892 1829 960; baseline 0.005 -21"><span class='ocrx_word' id='word_1_53' title='bbox 327 892 463 951; x_wconf 79' lang='lat' dir='ltr'>Quid</span> <span class='ocrx_word' id='word_1_54' title='bbox 505 897 640 940; x_wconf 91' lang='lat' dir='ltr'>enim</span> <span class='ocrx_word' id='word_1_55' title='bbox 680 911 863 942; x_wconf 89' lang='lat' dir='ltr'>causae</span> <span class='ocrx_word' id='word_1_56' title='bbox 906 903 984 943; x_wconf 90' lang='lat' dir='ltr'>est</span> <span class='ocrx_word' id='word_1_57' title='bbox 1024 913 1111 944; x_wconf 90' lang='lat' dir='ltr'>cur</span> <span class='ocrx_word' id='word_1_58' title='bbox 1150 902 1329 960; x_wconf 76' lang='lat' dir='ltr'>poe&#39;tas</span> <span class='ocrx_word' id='word_1_59' title='bbox 1373 897 1582 945; x_wconf 89' lang='lat' dir='ltr'>Latinos</span> <span class='ocrx_word' id='word_1_60' title='bbox 1624 898 1829 946; x_wconf 87' lang='lat' dir='ltr'>Graecis</span> 
     </span>
     <span class='ocr_line' id='line_1_10' title="bbox 325 984 1830 1054; baseline 0.005 -23"><span class='ocrx_word' id='word_1_61' title='bbox 325 984 508 1032; x_wconf 89' lang='lat' dir='ltr'>litteris</span> <span class='ocrx_word' id='word_1_62' title='bbox 540 986 724 1034; x_wconf 89' lang='lat' dir='ltr'>eruditi</span> <span class='ocrx_word' id='word_1_63' title='bbox 754 987 949 1051; x_wconf 88' lang='lat' dir='ltr'>legant,</span> <span class='ocrx_word' id='word_1_64' title='bbox 979 988 1300 1052; x_wconf 90' lang='lat' dir='ltr'>philosophos</span> <span class='ocrx_word' id='word_1_65' title='bbox 1336 1006 1438 1036; x_wconf 92' lang='lat' dir='ltr'>non</span> <span class='ocrx_word' id='word_1_66' title='bbox 1466 990 1685 1054; x_wconf 86' lang='lat' dir='ltr'>legant?</span> <span class='ocrx_word' id='word_1_67' title='bbox 1749 991 1830 1038; x_wconf 90' lang='lat' dir='ltr'>An</span> 
     </span>
     <span class='ocr_line' id='line_1_11' title="bbox 328 1077 1830 1145; baseline 0.005 -23"><span class='ocrx_word' id='word_1_68' title='bbox 328 1080 446 1139; x_wconf 90' lang='lat' dir='ltr'>quia</span> <span class='ocrx_word' id='word_1_69' title='bbox 469 1077 694 1125; x_wconf 87' lang='lat' dir='ltr'>delectat</span> <span class='ocrx_word' id='word_1_70' title='bbox 716 1079 927 1135; x_wconf 85' lang='lat' dir='ltr'>Ennius,</span> <span class='ocrx_word' id='word_1_71' title='bbox 951 1080 1215 1137; x_wconf 89' lang='lat' dir='ltr'>Pacuvius,</span> <span class='ocrx_word' id='word_1_72' title='bbox 1238 1082 1431 1137; x_wconf 88' lang='lat' dir='ltr'>Attius,</span> <span class='ocrx_word' id='word_1_73' title='bbox 1452 1081 1600 1128; x_wconf 92' lang='lat' dir='ltr'>multi</span> <span class='ocrx_word' id='word_1_74' title='bbox 1623 1081 1722 1137; x_wconf 88' lang='lat' dir='ltr'>alii,</span> <span class='ocrx_word' id='word_1_75' title='bbox 1746 1086 1830 1145; x_wconf 91' lang='lat' dir='ltr'>qui</span> 
     </span>
     <span class='ocr_line' id='line_1_12' title="bbox 328 1170 1830 1236; baseline 0.004 -22"><span class='ocrx_word' id='word_1_76' title='bbox 328 1184 429 1214; x_wconf 92' lang='lat' dir='ltr'>non</span> <span class='ocrx_word' id='word_1_77' title='bbox 445 1170 601 1216; x_wconf 90' lang='lat' dir='ltr'>verba</span> <span class='ocrx_word' id='word_1_78' title='bbox 617 1170 708 1218; x_wconf 89' lang='lat' dir='ltr'>sed</span> <span class='ocrx_word' id='word_1_79' title='bbox 724 1174 825 1217; x_wconf 90' lang='lat' dir='ltr'>vim</span> <span class='ocrx_word' id='word_1_80' title='bbox 840 1171 1149 1219; x_wconf 91' lang='lat' dir='ltr'>Graecorum</span> <span class='ocrx_word' id='word_1_81' title='bbox 1165 1180 1526 1235; x_wconf 88' lang='lat' dir='ltr'>expresserunt</span> <span class='ocrx_word' id='word_1_82' title='bbox 1537 1174 1830 1236; x_wconf 82' lang='lat' dir='ltr'>po‘e’tarum?</span> 
     </span>
     <span class='ocr_line' id='line_1_13' title="bbox 328 1259 1831 1326; baseline 0.003 -20"><span class='ocrx_word' id='word_1_83' title='bbox 328 1259 535 1318; x_wconf 82' lang='lat' dir='ltr'>Quanto</span> <span class='ocrx_word' id='word_1_84' title='bbox 587 1266 749 1326; x_wconf 85' lang='lat' dir='ltr'>magis</span> <span class='ocrx_word' id='word_1_85' title='bbox 801 1262 1086 1326; x_wconf 83' lang='lat' dir='ltr'>philosophi</span> <span class='ocrx_word' id='word_1_86' title='bbox 1139 1264 1488 1321; x_wconf 87' lang='lat' dir='ltr'>delectabunt,</span> <span class='ocrx_word' id='word_1_87' title='bbox 1541 1268 1600 1321; x_wconf 88' lang='lat' dir='ltr'>si,</span> <span class='ocrx_word' id='word_1_88' title='bbox 1653 1272 1711 1313; x_wconf 91' lang='lat' dir='ltr'>ut</span> <span class='ocrx_word' id='word_1_89' title='bbox 1762 1265 1831 1312; x_wconf 93' lang='lat' dir='ltr'>illi</span> 
     </span>
     <span class='ocr_line' id='line_1_14' title="bbox 331 1351 1831 1419; baseline 0.003 -21"><span class='ocrx_word' id='word_1_90' title='bbox 331 1351 658 1416; x_wconf 87' lang='lat' dir='ltr'>Aeschylum,</span> <span class='ocrx_word' id='word_1_91' title='bbox 689 1353 1008 1417; x_wconf 80' lang='lat' dir='ltr'>Sophoclem,</span> <span class='ocrx_word' id='word_1_92' title='bbox 1039 1355 1353 1419; x_wconf 87' lang='lat' dir='ltr'>Euripidem,</span> <span class='ocrx_word' id='word_1_93' title='bbox 1384 1359 1454 1403; x_wconf 88' lang='lat' dir='ltr'>sic</span> <span class='ocrx_word' id='word_1_94' title='bbox 1482 1355 1534 1403; x_wconf 94' lang='lat' dir='ltr'>hi</span> <span class='ocrx_word' id='word_1_95' title='bbox 1565 1355 1831 1403; x_wconf 78' lang='lat' dir='ltr'>Platonem</span> 
     </span>
     <span class='ocr_line' id='line_1_15' title="bbox 329 1445 1832 1510; baseline 0.004 -21"><span class='ocrx_word' id='word_1_96' title='bbox 329 1445 611 1502; x_wconf 77' lang='lat' dir='ltr'>imitentur,</span> <span class='ocrx_word' id='word_1_97' title='bbox 660 1446 1010 1504; x_wconf 87' lang='lat' dir='ltr'>Aristotelem,</span> <span class='ocrx_word' id='word_1_98' title='bbox 1057 1447 1467 1510; x_wconf 85' lang='lat' dir='ltr'>Theophrastum</span> <span class='ocrx_word' id='word_1_99' title='bbox 1489 1448 1508 1494; x_wconf 87' lang='lat'>?</span> <span class='ocrx_word' id='word_1_100' title='bbox 1590 1447 1832 1496; x_wconf 88' lang='lat' dir='ltr'>Oratores</span> 
     </span>
     <span class='ocr_line' id='line_1_16' title="bbox 330 1536 1833 1604; baseline 0.003 -22"><span class='ocrx_word' id='word_1_101' title='bbox 330 1536 537 1598; x_wconf 91' lang='lat' dir='ltr'>quidem</span> <span class='ocrx_word' id='word_1_102' title='bbox 559 1537 754 1585; x_wconf 89' lang='lat' dir='ltr'>laudari</span> <span class='ocrx_word' id='word_1_103' title='bbox 776 1539 940 1595; x_wconf 89' lang='lat' dir='ltr'>video,</span> <span class='ocrx_word' id='word_1_104' title='bbox 963 1543 1004 1586; x_wconf 88' lang='lat' dir='ltr'>si</span> <span class='ocrx_word' id='word_1_105' title='bbox 1027 1543 1114 1603; x_wconf 91' lang='lat' dir='ltr'>qui</span> <span class='ocrx_word' id='word_1_106' title='bbox 1137 1556 1165 1587; x_wconf 93' lang='lat' dir='ltr'>e</span> <span class='ocrx_word' id='word_1_107' title='bbox 1188 1543 1370 1587; x_wconf 88' lang='lat' dir='ltr'>nostris</span> <span class='ocrx_word' id='word_1_108' title='bbox 1393 1539 1711 1604; x_wconf 88' lang='lat' dir='ltr'>Hyperidem</span> <span class='ocrx_word' id='word_1_109' title='bbox 1732 1543 1833 1587; x_wconf 90' lang='lat' dir='ltr'>sint</span> 
     </span>
     <span class='ocr_line' id='line_1_17' title="bbox 332 1628 1832 1695; baseline 0.003 -21"><span class='ocrx_word' id='word_1_110' title='bbox 332 1634 421 1675; x_wconf 90' lang='lat' dir='ltr'>aut</span> <span class='ocrx_word' id='word_1_111' title='bbox 451 1628 858 1677; x_wconf 91' lang='lat' dir='ltr'>Demosthenem</span> <span class='ocrx_word' id='word_1_112' title='bbox 883 1635 1084 1678; x_wconf 88' lang='lat' dir='ltr'>imitati.</span> <span class='ocrx_word' id='word_1_113' title='bbox 1148 1632 1260 1695; x_wconf 87' lang='lat' dir='ltr'>Ego</span> <span class='ocrx_word' id='word_1_114' title='bbox 1287 1639 1461 1679; x_wconf 90' lang='lat' dir='ltr'>autem</span> <span class='ocrx_word' id='word_1_115' title='bbox 1486 1632 1672 1694; x_wconf 86' lang='lat' dir='ltr'>(dicam</span> <span class='ocrx_word' id='word_1_116' title='bbox 1698 1635 1832 1679; x_wconf 89' lang='lat' dir='ltr'>enim</span> 
     </span>
     <span class='ocr_line' id='line_1_18' title="bbox 332 1722 1832 1785; baseline 0.003 -20"><span class='ocrx_word' id='word_1_117' title='bbox 332 1726 390 1766; x_wconf 92' lang='lat' dir='ltr'>ut</span> <span class='ocrx_word' id='word_1_118' title='bbox 430 1736 510 1767; x_wconf 89' lang='lat' dir='ltr'>res</span> <span class='ocrx_word' id='word_1_119' title='bbox 554 1722 671 1785; x_wconf 89' lang='lat' dir='ltr'>est),</span> <span class='ocrx_word' id='word_1_120' title='bbox 714 1723 835 1770; x_wconf 91' lang='lat' dir='ltr'>dum</span> <span class='ocrx_word' id='word_1_121' title='bbox 876 1739 960 1770; x_wconf 93' lang='lat' dir='ltr'>me</span> <span class='ocrx_word' id='word_1_122' title='bbox 1003 1724 1231 1780; x_wconf 92' lang='lat' dir='ltr'>ambitio,</span> <span class='ocrx_word' id='word_1_123' title='bbox 1273 1723 1395 1770; x_wconf 93' lang='lat' dir='ltr'>dum</span> <span class='ocrx_word' id='word_1_124' title='bbox 1436 1722 1669 1780; x_wconf 90' lang='lat' dir='ltr'>honores,</span> <span class='ocrx_word' id='word_1_125' title='bbox 1711 1723 1832 1770; x_wconf 90' lang='lat' dir='ltr'>dum</span> 
     </span>
     <span class='ocr_line' id='line_1_19' title="bbox 331 1813 1832 1878; baseline 0.001 -20"><span class='ocrx_word' id='word_1_126' title='bbox 331 1827 531 1869; x_wconf 86' lang='lat' dir='ltr'>causae,</span> <span class='ocrx_word' id='word_1_127' title='bbox 551 1813 673 1860; x_wconf 92' lang='lat' dir='ltr'>dum</span> <span class='ocrx_word' id='word_1_128' title='bbox 691 1818 764 1861; x_wconf 90' lang='lat' dir='ltr'>rei</span> <span class='ocrx_word' id='word_1_129' title='bbox 782 1815 1015 1878; x_wconf 89' lang='lat' dir='ltr'>publicae</span> <span class='ocrx_word' id='word_1_130' title='bbox 1034 1832 1135 1862; x_wconf 90' lang='lat' dir='ltr'>non</span> <span class='ocrx_word' id='word_1_131' title='bbox 1154 1815 1315 1862; x_wconf 91' lang='lat' dir='ltr'>solum</span> <span class='ocrx_word' id='word_1_132' title='bbox 1334 1832 1453 1862; x_wconf 92' lang='lat' dir='ltr'>cura</span> <span class='ocrx_word' id='word_1_133' title='bbox 1471 1815 1563 1863; x_wconf 90' lang='lat' dir='ltr'>sed</span> <span class='ocrx_word' id='word_1_134' title='bbox 1580 1815 1832 1878; x_wconf 86' lang='lat' dir='ltr'>quaedam</span> 
     </span>
     <span class='ocr_line' id='line_1_20' title="bbox 334 1906 1833 1970; baseline 0.001 -20"><span class='ocrx_word' id='word_1_135' title='bbox 334 1907 490 1951; x_wconf 89' lang='lat' dir='ltr'>etiam</span> <span class='ocrx_word' id='word_1_136' title='bbox 528 1910 815 1968; x_wconf 85' lang='lat' dir='ltr'>procuratio</span> <span class='ocrx_word' id='word_1_137' title='bbox 852 1906 1025 1954; x_wconf 90' lang='lat' dir='ltr'>multis</span> <span class='ocrx_word' id='word_1_138' title='bbox 1064 1907 1233 1954; x_wconf 89' lang='lat' dir='ltr'>officiis</span> <span class='ocrx_word' id='word_1_139' title='bbox 1272 1906 1587 1970; x_wconf 88' lang='lat' dir='ltr'>implicatum</span> <span class='ocrx_word' id='word_1_140' title='bbox 1627 1912 1681 1953; x_wconf 91' lang='lat' dir='ltr'>et</span> <span class='ocrx_word' id='word_1_141' title='bbox 1718 1922 1833 1953; x_wconf 89' lang='lat' dir='ltr'>con-</span> 
     </span>
     <span class='ocr_line' id='line_1_21' title="bbox 333 1997 1833 2054; baseline 0.002 -13"><span class='ocrx_word' id='word_1_142' title='bbox 333 1998 565 2043; x_wconf 86' lang='lat' dir='ltr'>strictum</span> <span class='ocrx_word' id='word_1_143' title='bbox 585 1999 817 2054; x_wconf 89' lang='lat' dir='ltr'>tenebat,</span> <span class='ocrx_word' id='word_1_144' title='bbox 837 1997 964 2045; x_wconf 87' lang='lat' dir='ltr'>haec</span> <span class='ocrx_word' id='word_1_145' title='bbox 983 1999 1175 2046; x_wconf 89' lang='lat' dir='ltr'>inclusa</span> <span class='ocrx_word' id='word_1_146' title='bbox 1192 1998 1464 2054; x_wconf 85' lang='lat' dir='ltr'>habebam,</span> <span class='ocrx_word' id='word_1_147' title='bbox 1483 2005 1537 2045; x_wconf 94' lang='lat' dir='ltr'>et</span> <span class='ocrx_word' id='word_1_148' title='bbox 1555 2014 1620 2045; x_wconf 91' lang='lat' dir='ltr'>ne</span> <span class='ocrx_word' id='word_1_149' title='bbox 1640 1998 1833 2045; x_wconf 90' lang='lat' dir='ltr'>obsole-</span> 
     </span>
     <span class='ocr_line' id='line_1_22' title="bbox 332 2090 1832 2154; baseline 0.001 -21"><span class='ocrx_word' id='word_1_150' title='bbox 332 2096 533 2135; x_wconf 88' lang='lat' dir='ltr'>scerent</span> <span class='ocrx_word' id='word_1_151' title='bbox 557 2091 865 2137; x_wconf 87' lang='lat' dir='ltr'>renovabam</span> <span class='ocrx_word' id='word_1_152' title='bbox 890 2107 1004 2137; x_wconf 92' lang='lat' dir='ltr'>cum</span> <span class='ocrx_word' id='word_1_153' title='bbox 1029 2091 1217 2137; x_wconf 87' lang='lat' dir='ltr'>licebat</span> <span class='ocrx_word' id='word_1_154' title='bbox 1245 2090 1464 2154; x_wconf 87' lang='lat' dir='ltr'>legendo</span> <span class='ocrx_word' id='word_1_155' title='bbox 1487 2105 1499 2146; x_wconf 92' lang='lat'>;</span> <span class='ocrx_word' id='word_1_156' title='bbox 1549 2105 1683 2136; x_wconf 91' lang='lat' dir='ltr'>nunc</span> <span class='ocrx_word' id='word_1_157' title='bbox 1714 2105 1832 2136; x_wconf 89' lang='lat' dir='ltr'>vero</span> 
     </span>
     <span class='ocr_line' id='line_1_23' title="bbox 333 2178 1833 2246; baseline 0.001 -21"><span class='ocrx_word' id='word_1_158' title='bbox 333 2186 388 2226; x_wconf 90' lang='lat' dir='ltr'>et</span> <span class='ocrx_word' id='word_1_159' title='bbox 416 2178 653 2229; x_wconf 88' lang='lat' dir='ltr'>fortunae</span> <span class='ocrx_word' id='word_1_160' title='bbox 678 2186 971 2246; x_wconf 88' lang='lat' dir='ltr'>gravissimo</span> <span class='ocrx_word' id='word_1_161' title='bbox 997 2199 1261 2245; x_wconf 88' lang='lat' dir='ltr'>percussus</span> <span class='ocrx_word' id='word_1_162' title='bbox 1288 2182 1495 2228; x_wconf 89' lang='lat' dir='ltr'>vulnere</span> <span class='ocrx_word' id='word_1_163' title='bbox 1533 2188 1586 2228; x_wconf 91' lang='lat' dir='ltr'>et</span> <span class='ocrx_word' id='word_1_164' title='bbox 1623 2180 1833 2228; x_wconf 84' lang='lat' dir='ltr'>admini-</span> 
     </span>
     <span class='ocr_line' id='line_1_24' title="bbox 333 2273 1831 2337; baseline 0.001 -20"><span class='ocrx_word' id='word_1_165' title='bbox 333 2276 580 2320; x_wconf 87' lang='lat' dir='ltr'>stratione</span> <span class='ocrx_word' id='word_1_166' title='bbox 609 2277 682 2321; x_wconf 91' lang='lat' dir='ltr'>rei</span> <span class='ocrx_word' id='word_1_167' title='bbox 712 2275 944 2337; x_wconf 90' lang='lat' dir='ltr'>publicae</span> <span class='ocrx_word' id='word_1_168' title='bbox 974 2274 1218 2322; x_wconf 88' lang='lat' dir='ltr'>liberatus</span> <span class='ocrx_word' id='word_1_169' title='bbox 1252 2274 1433 2322; x_wconf 87' lang='lat' dir='ltr'>doloris</span> <span class='ocrx_word' id='word_1_170' title='bbox 1466 2273 1770 2320; x_wconf 83' lang='lat' dir='ltr'>medicinam</span> <span class='ocrx_word' id='word_1_171' title='bbox 1803 2288 1831 2318; x_wconf 87' lang='lat' dir='ltr'>a</span> 
     </span>
     <span class='ocr_line' id='line_1_25' title="bbox 332 2362 1829 2430; baseline 0 -20"><span class='ocrx_word' id='word_1_172' title='bbox 332 2362 646 2429; x_wconf 89' lang='lat' dir='ltr'>philosophia</span> <span class='ocrx_word' id='word_1_173' title='bbox 665 2373 788 2430; x_wconf 90' lang='lat' dir='ltr'>peto</span> <span class='ocrx_word' id='word_1_174' title='bbox 810 2373 864 2414; x_wconf 90' lang='lat' dir='ltr'>et</span> <span class='ocrx_word' id='word_1_175' title='bbox 884 2370 957 2414; x_wconf 91' lang='lat' dir='ltr'>oti</span> <span class='ocrx_word' id='word_1_176' title='bbox 977 2367 1372 2414; x_wconf 89' lang='lat' dir='ltr'>oblectationem</span> <span class='ocrx_word' id='word_1_177' title='bbox 1391 2365 1522 2412; x_wconf 90' lang='lat' dir='ltr'>hanc</span> <span class='ocrx_word' id='word_1_178' title='bbox 1541 2363 1829 2412; x_wconf 90' lang='lat' dir='ltr'>honestissi-</span> 
     </span>
    </p>
   </div>
   <div class='ocr_carea' id='block_1_6' title="bbox 1770 2482 1824 2490">
    <p class='ocr_par' dir='ltr' id='par_1_6' title="bbox 1770 2482 1824 2490">
     <span class='ocr_line' id='line_1_26' title="bbox 1770 2482 1824 2490; baseline 0 0"><span class='ocrx_word' id='word_1_179' title='bbox 1770 2482 1824 2490; x_wconf 69' lang='lat'>.—</span> 
     </span>
    </p>
   </div>
   <div class='ocr_carea' id='block_1_7' title="bbox 338 2546 1543 2691">
    <p class='ocr_par' dir='ltr' id='par_1_7' title="bbox 338 2546 1543 2691">
     <span class='ocr_line' id='line_1_27' title="bbox 668 2546 1543 2600; baseline -0.002 -10"><span class='ocrx_word' id='word_1_180' title='bbox 668 2554 686 2573; x_wconf 79' lang='lat'><strong>⁰</strong></span> <span class='ocrx_word' id='word_1_181' title='bbox 717 2549 809 2590; x_wconf 77' lang='lat' dir='ltr'>The</span> <span class='ocrx_word' id='word_1_182' title='bbox 831 2548 963 2589; x_wconf 85' lang='lat' dir='ltr'>death</span> <span class='ocrx_word' id='word_1_183' title='bbox 987 2548 1035 2588; x_wconf 89' lang='lat' dir='ltr'>of</span> <span class='ocrx_word' id='word_1_184' title='bbox 1054 2549 1120 2588; x_wconf 87' lang='lat' dir='ltr'>his</span> <span class='ocrx_word' id='word_1_185' title='bbox 1142 2547 1362 2600; x_wconf 81' lang='lat' dir='ltr'>daughter</span> <span class='ocrx_word' id='word_1_186' title='bbox 1383 2546 1543 2588; x_wconf 83' lang='lat' dir='ltr'>Tullia.</span> 
     </span>
     <span class='ocr_line' id='line_1_28' title="bbox 338 2649 433 2691; baseline -0.021 0"><span class='ocrx_word' id='word_1_187' title='bbox 338 2649 433 2691; x_wconf 73' lang='lat'>420</span> 
     </span>
    </p>
   </div>
  </div>
 </body>
</html>
