1853 3001
869 248 1120 298 CICERO

248 385 357 426 tem
398 380 622 426 sciscitor
662 395 751 426 cur
790 378 968 426 mundi
1009 379 1360 427 aedificatores
1398 386 1617 444 repente
1658 396 1745 428 ex·

247 449 493 502 stiterint,
510 445 899 493 innumerabilia
917 446 1083 493 saecla
1103 447 1400 495 dormierint
1421 462 1434 504 ;
1470 464 1573 495 non
1592 451 1747 504 enim,

249 516 291 560 si
316 514 536 561 mundus
562 513 726 561 nullus
755 520 883 569 erat,
909 513 1076 560 saecla
1101 531 1204 561 non
1230 522 1376 562 erant
1402 514 1590 578 (saecla
1614 531 1749 562 nunc

251 580 362 627 dico
387 598 489 627 non
515 597 575 627 ea
600 597 733 644 quae
758 581 956 628 dierum
980 584 1310 644 noctiumque
1333 598 1545 629 numero
1571 585 1749 628 annuis

250 648 476 694 cursibus
526 648 877 704 conficiuntur,
925 664 1045 694 nam
1093 647 1260 695 fateor
1308 665 1370 695 ea
1416 651 1525 696 sine
1571 649 1749 696 mundi

251 719 577 761 conversione
600 715 727 761 effici
749 732 851 762 non
872 718 1099 777 potuisse
1122 731 1135 771 ;
1175 716 1267 763 sed
1288 714 1388 763 fuit
1409 716 1660 778 quaedam
1685 716 1750 762 ab

250 781 449 829 infinito
504 789 737 844 tempore
792 785 1089 838 aeternitas,
1144 799 1298 845 quam
1350 782 1489 830 nulla
1542 786 1752 830 circum-

251 852 456 911 scriptio
490 856 781 912 temporum
814 850 1144 904 metiebatur,
1179 852 1344 912 spatio
1378 857 1555 897 tamen
1589 849 1751 913 qualis

253 931 315 962 ea
345 915 501 962 fuerit
529 915 761 980 intellegi
790 922 1002 978 potest,l
1034 916 1172 979 quod
1201 932 1267 963 ne
1303 919 1357 962 in
1386 919 1751 980 cogitationem

253 983 461 1045 quidem
492 983 631 1030 cadit
662 990 720 1030 ut
751 981 908 1030 fuerit
938 990 1142 1046 tempus
1175 982 1381 1046 aliquod
1410 983 1605 1031 nullum
1636 1000 1752 1030 cum

173 1055 227 1093 22
252 1056 456 1112 tempus
476 1050 796 1112 esset)—ist0
813 1053 970 1114 igitur
988 1057 1096 1097 tam
1112 1053 1343 1097 inmenso
1360 1054 1526 1114 spatio
1545 1066 1753 1114 quaero,

252 1116 429 1173 Balbe,
468 1133 557 1164 cur
596 1117 826 1164 Pronoea
864 1124 1034 1164 vestra
1073 1121 1362 1165 cessaverit.
1431 1117 1752 1164 Laboremne

253 1182 487 1247 fugiebat
509 1184 528 1230 ?
589 1186 662 1232 At
686 1188 785 1231 iste
810 1201 906 1232 nec
931 1188 1143 1248 attingit
1167 1185 1323 1231 deum
1347 1200 1443 1232 nec
1469 1192 1580 1232 erat
1605 1183 1754 1240 ullus,

253 1267 366 1297 cum
414 1267 589 1298 omnes
634 1259 849 1298 naturae
894 1255 1089 1298 numini
1133 1252 1320 1308 divino,
1365 1251 1563 1298 caelum
1605 1255 1752 1315 ignes

253 1325 423 1365 terrae
447 1321 624 1374 maria,
648 1325 904 1381 parerent.
974 1318 1111 1378 Quid
1135 1326 1311 1366 autem
1337 1326 1448 1366 erat
1471 1319 1609 1382 quod
1636 1335 1752 1365 con·

253 1389 539 1447 cupisceret
575 1386 700 1432 deus
739 1386 989 1433 mundum
1026 1389 1180 1449 signis
1220 1393 1274 1433 et
1310 1385 1584 1433 luminibus
1621 1392 1753 1432 tam·

254 1469 409 1515 quam
457 1452 632 1501 aedilis
681 1454 902 1500 ornare?
970 1452 1021 1500 Si
1072 1460 1130 1500 ut
1179 1452 1368 1517 [deus]²
1414 1456 1524 1516 ipse
1571 1451 1752 1499 melius

253 1518 529 1576 habitaret,
548 1527 703 1567 antea
720 1520 958 1567 videlicet
975 1528 1208 1582 tempore
1232 1520 1431 1567 infinito
1448 1523 1502 1567 in
1524 1520 1752 1566 tenebris

252 1593 518 1649 tamquam
567 1591 620 1634 in
668 1591 935 1651 gurgustio
984 1587 1343 1643 habitaverat3
1409 1593 1526 1650 post
1576 1593 1753 1633 autem

253 1657 572 1701 varietatene
611 1671 729 1701 eum
766 1654 1010 1702 delectari
1046 1662 1287 1718 putamus
1325 1670 1426 1717 qua
1463 1652 1661 1700 caelum
1698 1659 1753 1700 et

253 1728 414 1768 terras
456 1729 726 1769 exornatas
765 1722 1037 1769 videmus?
1105 1721 1252 1780 Quae
1289 1724 1390 1768 ista
1426 1727 1601 1783 potest
1641 1736 1753 1767 esse

251 1787 527 1835 oblectatio
551 1790 647 1836 deo
671 1790 688 1836 ?
731 1805 864 1851 quae
887 1792 928 1836 si
951 1795 1104 1844 esset,
1127 1806 1230 1835 non
1253 1804 1314 1835 ea
1335 1795 1444 1835 tam
1466 1788 1554 1835 diu
1575 1803 1749 1834 carere

173 1862 226 1902 23
250 1859 517 1916 potuisset.
585 1857 669 1902 An
696 1855 841 1912 haec,
871 1863 930 1903 ut
957 1855 1065 1903 fere
1095 1856 1278 1911 dicitis,
1306 1854 1569 1902 hominum
1597 1871 1750 1901 causa

252 1939 282 1969 a
333 1923 430 1970 deo
481 1927 762 1970 constituta
813 1924 972 1970 sunt?
1039 1922 1467 1985 Sapientiumne?
1534 1921 1750 1984 Propter

250 2005 436 2051 paucos
479 1993 637 2054 igitur
679 1997 827 2036 tanta
873 1997 951 2038 est
993 1989 1133 2037 facta
1173 2007 1344 2037 rerum
1386 1987 1596 2036 molitio.
1665 1989 1748 2034 An

250 2056 563 2104 Stultorum?
631 2059 704 2104 At
739 2061 958 2119 primum
993 2074 1145 2104 causa
1180 2074 1282 2104 non
1316 2055 1416 2104 fuit
1451 2073 1539 2102 cur
1574 2056 1639 2102 de
1674 2058 1749 2101 in-

251 2125 419 2186 probis
445 2125 578 2172 bene
605 2132 920 2180 mereretur;
965 2125 1151 2172 deinde
1179 2125 1303 2188 quid
1329 2131 1408 2171 est
1434 2123 1705 2170 adsecutus
1728 2122 1748 2168 ?

684 2253 700 2278 ²
731 2252 925 2305 intellegi
947 2266 1034 2293 non
1056 2256 1200 2304 potest
1221 2252 1324 2294 dett.

818 2308 833 2331 ²
864 2307 960 2347 secl.
982 2306 1175 2347 Ernesti.

314 2458 333 2476 ⁰
363 2452 504 2494 There
527 2455 563 2493 is
587 2466 616 2494 a
639 2452 746 2506 play
769 2467 828 2494 on
852 2452 996 2494 words
1021 2455 1066 2494 in
1090 2453 1230 2504 siquis
1255 2456 1295 2493 et
1320 2450 1575 2498 luminibus,
1599 2448 1743 2491 which

254 2504 414 2547 denote
445 2507 554 2547 both
586 2507 661 2548 the
692 2506 1020 2547 constellations
1053 2506 1142 2547 and
1174 2505 1429 2546 luminaries
1463 2505 1514 2545 of
1546 2503 1622 2545 the
1656 2501 1744 2555 sky

254 2559 343 2599 and
377 2560 451 2601 the
484 2565 650 2601 statues
684 2560 773 2601 and
807 2559 1124 2602 illuminations
1158 2560 1263 2600 with
1298 2558 1440 2600 which
1473 2558 1549 2602 the
1581 2555 1745 2602 aedil&

255 2612 450 2655 adorned
471 2614 545 2656 the
565 2617 656 2668 city
674 2615 744 2656 for
761 2613 969 2656 festivals.

259 2683 322 2723 24-
