<?xml version="1.0" encoding="UTF-8"?>
<!DOCTYPE html PUBLIC "-//W3C//DTD XHTML 1.0 Transitional//EN"
    "http://www.w3.org/TR/xhtml1/DTD/xhtml1-transitional.dtd">
<html xmlns="http://www.w3.org/1999/xhtml" xml:lang="en" lang="en">
 <head>
  <title>
</title>
<meta http-equiv="Content-Type" content="text/html;charset=utf-8" />
  <meta name='ocr-system' content='tesseract 3.04.00' />
  <meta name='ocr-capabilities' content='ocr_page ocr_carea ocr_par ocr_line ocrx_word'/>
</head>
<body>
  <div class='ocr_page' id='page_1' title='image "./denaturadeorumac00ciceuoft_0146.png"; bbox 0 0 1853 3001; ppageno 0'>
   <div class='ocr_carea' id='block_1_1' title="bbox 890 227 1141 277">
    <p class='ocr_par' dir='ltr' id='par_1_1' title="bbox 890 227 1141 277">
     <span class='ocr_line' id='line_1_1' title="bbox 890 227 1141 277; baseline -0.008 0"><span class='ocrx_word' id='word_1_1' title='bbox 890 227 1141 277; x_wconf 88' lang='lat' dir='ltr'>CICERO</span> 
     </span>
    </p>
   </div>
   <div class='ocr_carea' id='block_1_2' title="bbox 166 360 1764 2159">
    <p class='ocr_par' dir='ltr' id='par_1_2' title="bbox 272 360 1760 560">
     <span class='ocr_line' id='line_1_2' title="bbox 272 360 1760 425; baseline -0.005 -14"><span class='ocrx_word' id='word_1_2' title='bbox 272 379 471 420; x_wconf 85' lang='lat' dir='ltr'>nocere,</span> <span class='ocrx_word' id='word_1_3' title='bbox 509 369 621 409; x_wconf 91' lang='lat' dir='ltr'>tum</span> <span class='ocrx_word' id='word_1_4' title='bbox 657 363 879 425; x_wconf 91' lang='lat' dir='ltr'>ingentis</span> <span class='ocrx_word' id='word_1_5' title='bbox 918 360 1163 424; x_wconf 88' lang='lat' dir='ltr'>quasdam</span> <span class='ocrx_word' id='word_1_6' title='bbox 1200 361 1446 422; x_wconf 84' lang='lat' dir='ltr'><strong>imagines</strong></span> <span class='ocrx_word' id='word_1_7' title='bbox 1484 363 1760 420; x_wconf 86' lang='lat' dir='ltr'>tantasque</span> 
     </span>
     <span class='ocr_line' id='line_1_3' title="bbox 274 426 1758 489; baseline -0.003 -12"><span class='ocrx_word' id='word_1_8' title='bbox 274 437 333 477; x_wconf 89' lang='lat' dir='ltr'>ut</span> <span class='ocrx_word' id='word_1_9' title='bbox 379 433 668 476; x_wconf 87' lang='lat' dir='ltr'>universum</span> <span class='ocrx_word' id='word_1_10' title='bbox 703 427 948 474; x_wconf 90' lang='lat' dir='ltr'>mundum</span> <span class='ocrx_word' id='word_1_11' title='bbox 995 426 1384 489; x_wconf 74' lang='lat' dir='ltr'>conplectantur</span> <span class='ocrx_word' id='word_1_12' title='bbox 1427 427 1758 472; x_wconf 85' lang='lat' dir='ltr'>extrinsecus.</span> 
     </span>
     <span class='ocr_line' id='line_1_4' title="bbox 273 493 1759 560; baseline -0.003 -16"><span class='ocrx_word' id='word_1_13' title='bbox 273 497 418 557; x_wconf 84' lang='lat' dir='ltr'><strong>Quae</strong></span> <span class='ocrx_word' id='word_1_14' title='bbox 473 497 679 560; x_wconf 91' lang='lat' dir='ltr'>quidem</span> <span class='ocrx_word' id='word_1_15' title='bbox 717 498 886 542; x_wconf 87' lang='lat' dir='ltr'>omnia</span> <span class='ocrx_word' id='word_1_16' title='bbox 923 501 1042 541; x_wconf 87' lang='lat' dir='ltr'>sunt</span> <span class='ocrx_word' id='word_1_17' title='bbox 1078 497 1244 557; x_wconf 88' lang='lat' dir='ltr'>patria</span> <span class='ocrx_word' id='word_1_18' title='bbox 1288 493 1567 540; x_wconf 82' lang='lat' dir='ltr'>Democriti</span> <span class='ocrx_word' id='word_1_19' title='bbox 1606 507 1759 554; x_wconf 91' lang='lat' dir='ltr'>quam</span> 
     </span>
    </p>

    <p class='ocr_par' dir='ltr' id='par_1_3' title="bbox 177 562 1761 762">
     <span class='ocr_line' id='line_1_5' title="bbox 177 562 1760 626; baseline -0.003 -13"><span class='ocrx_word' id='word_1_20' title='bbox 177 573 253 613; x_wconf 87' lang='lat'>121</span> <span class='ocrx_word' id='word_1_21' title='bbox 280 565 574 612; x_wconf 77' lang='lat' dir='ltr'>Democrito</span> <span class='ocrx_word' id='word_1_22' title='bbox 609 564 872 626; x_wconf 84' lang='lat' dir='ltr'>digniora3</span> <span class='ocrx_word' id='word_1_23' title='bbox 909 565 1018 624; x_wconf 91' lang='lat' dir='ltr'>quis</span> <span class='ocrx_word' id='word_1_24' title='bbox 1052 565 1186 608; x_wconf 90' lang='lat' dir='ltr'>enim</span> <span class='ocrx_word' id='word_1_25' title='bbox 1217 564 1338 608; x_wconf 90' lang='lat' dir='ltr'>istas</span> <span class='ocrx_word' id='word_1_26' title='bbox 1366 562 1613 624; x_wconf 83' lang='lat' dir='ltr'>imagines</span> <span class='ocrx_word' id='word_1_27' title='bbox 1644 575 1760 608; x_wconf 87' lang='lat' dir='ltr'>con-</span> 
     </span>
     <span class='ocr_line' id='line_1_6' title="bbox 274 629 1761 696; baseline -0.001 -17"><span class='ocrx_word' id='word_1_28' title='bbox 274 631 591 696; x_wconf 87' lang='lat' dir='ltr'>prehendere</span> <span class='ocrx_word' id='word_1_29' title='bbox 628 634 794 677; x_wconf 88' lang='lat' dir='ltr'>animo</span> <span class='ocrx_word' id='word_1_30' title='bbox 832 637 1021 692; x_wconf 85' lang='lat' dir='ltr'>potest,</span> <span class='ocrx_word' id='word_1_31' title='bbox 1057 632 1167 691; x_wconf 89' lang='lat' dir='ltr'>quis</span> <span class='ocrx_word' id='word_1_32' title='bbox 1216 629 1467 684; x_wconf 87' lang='lat' dir='ltr'>admirari,</span> <span class='ocrx_word' id='word_1_33' title='bbox 1511 629 1622 690; x_wconf 89' lang='lat' dir='ltr'>quis</span> <span class='ocrx_word' id='word_1_34' title='bbox 1671 636 1761 676; x_wconf 82' lang='lat' dir='ltr'>aut</span> 
     </span>
     <span class='ocr_line' id='line_1_7' title="bbox 275 696 1281 762; baseline -0.005 -15"><span class='ocrx_word' id='word_1_35' title='bbox 275 699 415 747; x_wconf 91' lang='lat' dir='ltr'>cultu</span> <span class='ocrx_word' id='word_1_36' title='bbox 440 707 528 746; x_wconf 87' lang='lat' dir='ltr'>aut</span> <span class='ocrx_word' id='word_1_37' title='bbox 551 698 793 762; x_wconf 82' lang='lat' dir='ltr'>religione</span> <span class='ocrx_word' id='word_1_38' title='bbox 819 698 995 761; x_wconf 86' lang='lat' dir='ltr'>dignas</span> <span class='ocrx_word' id='word_1_39' title='bbox 1019 697 1240 743; x_wconf 90' lang='lat' dir='ltr'>iudicare</span> <span class='ocrx_word' id='word_1_40' title='bbox 1263 696 1281 742; x_wconf 91' lang='lat'>?</span> 
     </span>
    </p>

    <p class='ocr_par' dir='ltr' id='par_1_4' title="bbox 270 763 1764 1769">
     <span class='ocr_line' id='line_1_8' title="bbox 339 763 1763 829; baseline -0.002 -16"><span class='ocrx_word' id='word_1_41' title='bbox 339 775 368 795; x_wconf 77' lang='lat'>‘⁶</span> <span class='ocrx_word' id='word_1_42' title='bbox 383 767 628 829; x_wconf 83' lang='lat' dir='ltr'>Epicurus</span> <span class='ocrx_word' id='word_1_43' title='bbox 644 782 762 812; x_wconf 81' lang='lat' dir='ltr'>vero</span> <span class='ocrx_word' id='word_1_44' title='bbox 783 781 845 811; x_wconf 82' lang='lat' dir='ltr'>ex</span> <span class='ocrx_word' id='word_1_45' title='bbox 866 767 1043 810; x_wconf 88' lang='lat' dir='ltr'>animis</span> <span class='ocrx_word' id='word_1_46' title='bbox 1062 763 1321 810; x_wconf 91' lang='lat' dir='ltr'>hominum</span> <span class='ocrx_word' id='word_1_47' title='bbox 1343 765 1566 809; x_wconf 79' lang='lat' dir='ltr'>extraxit</span> <span class='ocrx_word' id='word_1_48' title='bbox 1586 765 1763 812; x_wconf 83' lang='lat' dir='ltr'>radici-</span> 
     </span>
     <span class='ocr_line' id='line_1_9' title="bbox 273 830 1764 897; baseline -0.002 -16"><span class='ocrx_word' id='word_1_49' title='bbox 273 840 355 881; x_wconf 87' lang='lat' dir='ltr'>tus</span> <span class='ocrx_word' id='word_1_50' title='bbox 400 834 697 897; x_wconf 85' lang='lat' dir='ltr'>religionem</span> <span class='ocrx_word' id='word_1_51' title='bbox 741 849 854 879; x_wconf 89' lang='lat' dir='ltr'>cum</span> <span class='ocrx_word' id='word_1_52' title='bbox 902 831 977 878; x_wconf 90' lang='lat' dir='ltr'>dis</span> <span class='ocrx_word' id='word_1_53' title='bbox 1022 830 1371 877; x_wconf 84' lang='lat' dir='ltr'>inmortalibus</span> <span class='ocrx_word' id='word_1_54' title='bbox 1418 836 1471 876; x_wconf 90' lang='lat' dir='ltr'>et</span> <span class='ocrx_word' id='word_1_55' title='bbox 1515 847 1665 894; x_wconf 92' lang='lat' dir='ltr'>opem</span> <span class='ocrx_word' id='word_1_56' title='bbox 1711 838 1764 878; x_wconf 86' lang='lat' dir='ltr'>et</span> 
     </span>
     <span class='ocr_line' id='line_1_10' title="bbox 273 899 1764 965; baseline -0.001 -17"><span class='ocrx_word' id='word_1_57' title='bbox 273 905 492 965; x_wconf 90' lang='lat' dir='ltr'>gratiam</span> <span class='ocrx_word' id='word_1_58' title='bbox 524 900 742 948; x_wconf 83' lang='lat' dir='ltr'>sustulit..</span> <span class='ocrx_word' id='word_1_59' title='bbox 812 899 939 945; x_wconf 91' lang='lat' dir='ltr'>Cum</span> <span class='ocrx_word' id='word_1_60' title='bbox 974 901 1109 944; x_wconf 90' lang='lat' dir='ltr'>enim</span> <span class='ocrx_word' id='word_1_61' title='bbox 1141 901 1386 960; x_wconf 85' lang='lat' dir='ltr'>optimam</span> <span class='ocrx_word' id='word_1_62' title='bbox 1420 904 1474 944; x_wconf 88' lang='lat' dir='ltr'>et</span> <span class='ocrx_word' id='word_1_63' title='bbox 1504 906 1764 959; x_wconf 87' lang='lat' dir='ltr'>praestan-</span> 
     </span>
     <span class='ocr_line' id='line_1_11' title="bbox 274 965 1762 1028; baseline -0.002 -13"><span class='ocrx_word' id='word_1_64' title='bbox 274 972 519 1016; x_wconf 87' lang='lat' dir='ltr'>tissimam</span> <span class='ocrx_word' id='word_1_65' title='bbox 556 975 790 1014; x_wconf 87' lang='lat' dir='ltr'>naturam</span> <span class='ocrx_word' id='word_1_66' title='bbox 829 967 910 1014; x_wconf 92' lang='lat' dir='ltr'>dei</span> <span class='ocrx_word' id='word_1_67' title='bbox 948 967 1084 1012; x_wconf 90' lang='lat' dir='ltr'>dicat</span> <span class='ocrx_word' id='word_1_68' title='bbox 1122 981 1249 1020; x_wconf 86' lang='lat' dir='ltr'>esse,</span> <span class='ocrx_word' id='word_1_69' title='bbox 1286 971 1443 1028; x_wconf 87' lang='lat' dir='ltr'>negat</span> <span class='ocrx_word' id='word_1_70' title='bbox 1479 965 1615 1013; x_wconf 90' lang='lat' dir='ltr'>idem</span> <span class='ocrx_word' id='word_1_71' title='bbox 1653 981 1762 1013; x_wconf 86' lang='lat' dir='ltr'>esse</span> 
     </span>
     <span class='ocr_line' id='line_1_12' title="bbox 272 1033 1761 1099; baseline -0.001 -17"><span class='ocrx_word' id='word_1_72' title='bbox 272 1039 325 1082; x_wconf 91' lang='lat' dir='ltr'>in</span> <span class='ocrx_word' id='word_1_73' title='bbox 364 1037 460 1084; x_wconf 92' lang='lat' dir='ltr'>deo</span> <span class='ocrx_word' id='word_1_74' title='bbox 499 1038 751 1099; x_wconf 88' lang='lat' dir='ltr'>gratiam:</span> <span class='ocrx_word' id='word_1_75' title='bbox 809 1033 941 1080; x_wconf 90' lang='lat' dir='ltr'>tollit</span> <span class='ocrx_word' id='word_1_76' title='bbox 980 1034 1031 1080; x_wconf 91' lang='lat' dir='ltr'>id</span> <span class='ocrx_word' id='word_1_77' title='bbox 1071 1033 1207 1095; x_wconf 91' lang='lat' dir='ltr'>quod</span> <span class='ocrx_word' id='word_1_78' title='bbox 1244 1036 1465 1078; x_wconf 83' lang='lat' dir='ltr'>maxime</span> <span class='ocrx_word' id='word_1_79' title='bbox 1503 1037 1761 1096; x_wconf 89' lang='lat' dir='ltr'>proprium</span> 
     </span>
     <span class='ocr_line' id='line_1_13' title="bbox 274 1101 1762 1166; baseline -0.001 -16"><span class='ocrx_word' id='word_1_80' title='bbox 274 1110 352 1150; x_wconf 88' lang='lat' dir='ltr'>est</span> <span class='ocrx_word' id='word_1_81' title='bbox 413 1107 636 1166; x_wconf 90' lang='lat' dir='ltr'>optimae</span> <span class='ocrx_word' id='word_1_82' title='bbox 697 1104 1265 1165; x_wconf 88' lang='lat' dir='ltr'>praestantissimaeque</span> <span class='ocrx_word' id='word_1_83' title='bbox 1328 1106 1556 1147; x_wconf 87' lang='lat' dir='ltr'>naturae.</span> <span class='ocrx_word' id='word_1_84' title='bbox 1626 1101 1762 1159; x_wconf 84' lang='lat' dir='ltr'>Quid</span> 
     </span>
     <span class='ocr_line' id='line_1_14' title="bbox 273 1168 1762 1232; baseline -0.001 -16"><span class='ocrx_word' id='word_1_85' title='bbox 273 1174 409 1217; x_wconf 91' lang='lat' dir='ltr'>enim</span> <span class='ocrx_word' id='word_1_86' title='bbox 434 1170 612 1217; x_wconf 89' lang='lat' dir='ltr'>melius</span> <span class='ocrx_word' id='word_1_87' title='bbox 640 1177 729 1216; x_wconf 87' lang='lat' dir='ltr'>aut</span> <span class='ocrx_word' id='word_1_88' title='bbox 755 1170 877 1232; x_wconf 87' lang='lat' dir='ltr'>quid</span> <span class='ocrx_word' id='word_1_89' title='bbox 902 1170 1243 1230; x_wconf 86' lang='lat' dir='ltr'>praestantius</span> <span class='ocrx_word' id='word_1_90' title='bbox 1270 1168 1502 1214; x_wconf 86' lang='lat' dir='ltr'>bonitate</span> <span class='ocrx_word' id='word_1_91' title='bbox 1529 1175 1582 1214; x_wconf 88' lang='lat' dir='ltr'>et</span> <span class='ocrx_word' id='word_1_92' title='bbox 1607 1169 1762 1215; x_wconf 92' lang='lat' dir='ltr'>bene-</span> 
     </span>
     <span class='ocr_line' id='line_1_15' title="bbox 273 1233 1763 1296; baseline -0.003 -11"><span class='ocrx_word' id='word_1_93' title='bbox 273 1237 516 1285; x_wconf 85' lang='lat' dir='ltr'>ficentia?</span> <span class='ocrx_word' id='word_1_94' title='bbox 585 1237 700 1296; x_wconf 84' lang='lat' dir='ltr'>Qua</span> <span class='ocrx_word' id='word_1_95' title='bbox 739 1253 852 1282; x_wconf 91' lang='lat' dir='ltr'>cum</span> <span class='ocrx_word' id='word_1_96' title='bbox 894 1251 1064 1281; x_wconf 87' lang='lat' dir='ltr'>carere</span> <span class='ocrx_word' id='word_1_97' title='bbox 1106 1235 1257 1282; x_wconf 90' lang='lat' dir='ltr'>deum</span> <span class='ocrx_word' id='word_1_98' title='bbox 1300 1233 1466 1290; x_wconf 78' lang='lat' dir='ltr'>vultis,</span> <span class='ocrx_word' id='word_1_99' title='bbox 1507 1239 1763 1282; x_wconf 88' lang='lat' dir='ltr'>neminem</span> 
     </span>
     <span class='ocr_line' id='line_1_16' title="bbox 272 1303 1762 1357; baseline -0.002 -4"><span class='ocrx_word' id='word_1_100' title='bbox 272 1306 368 1352; x_wconf 90' lang='lat' dir='ltr'>deo</span> <span class='ocrx_word' id='word_1_101' title='bbox 398 1322 492 1352; x_wconf 91' lang='lat' dir='ltr'>nec</span> <span class='ocrx_word' id='word_1_102' title='bbox 524 1305 677 1352; x_wconf 91' lang='lat' dir='ltr'>deum</span> <span class='ocrx_word' id='word_1_103' title='bbox 702 1320 795 1350; x_wconf 92' lang='lat' dir='ltr'>nec</span> <span class='ocrx_word' id='word_1_104' title='bbox 817 1303 1073 1349; x_wconf 87' lang='lat' dir='ltr'>hominem</span> <span class='ocrx_word' id='word_1_105' title='bbox 1098 1307 1306 1357; x_wconf 86' lang='lat' dir='ltr'>carum,¹</span> <span class='ocrx_word' id='word_1_106' title='bbox 1329 1304 1585 1349; x_wconf 82' lang='lat' dir='ltr'>neminem</span> <span class='ocrx_word' id='word_1_107' title='bbox 1616 1303 1679 1349; x_wconf 92' lang='lat' dir='ltr'>ab</span> <span class='ocrx_word' id='word_1_108' title='bbox 1702 1319 1762 1350; x_wconf 90' lang='lat' dir='ltr'>eo</span> 
     </span>
     <span class='ocr_line' id='line_1_17' title="bbox 272 1368 1761 1434; baseline -0.001 -15"><span class='ocrx_word' id='word_1_109' title='bbox 272 1376 446 1429; x_wconf 86' lang='lat' dir='ltr'>amari,</span> <span class='ocrx_word' id='word_1_110' title='bbox 479 1375 736 1419; x_wconf 88' lang='lat' dir='ltr'>neminem</span> <span class='ocrx_word' id='word_1_111' title='bbox 770 1371 910 1434; x_wconf 85' lang='lat' dir='ltr'>diligi</span> <span class='ocrx_word' id='word_1_112' title='bbox 944 1369 1108 1416; x_wconf 79' lang='lat' dir='ltr'>vultis,</span> <span class='ocrx_word' id='word_1_113' title='bbox 1180 1369 1262 1415; x_wconf 89' lang='lat' dir='ltr'>Ita</span> <span class='ocrx_word' id='word_1_114' title='bbox 1295 1368 1352 1415; x_wconf 89' lang='lat' dir='ltr'>fit</span> <span class='ocrx_word' id='word_1_115' title='bbox 1386 1375 1444 1415; x_wconf 88' lang='lat' dir='ltr'>ut</span> <span class='ocrx_word' id='word_1_116' title='bbox 1476 1386 1577 1416; x_wconf 91' lang='lat' dir='ltr'>non</span> <span class='ocrx_word' id='word_1_117' title='bbox 1610 1370 1761 1417; x_wconf 91' lang='lat' dir='ltr'>modo</span> 
     </span>
     <span class='ocr_line' id='line_1_18' title="bbox 272 1435 1762 1502; baseline -0.002 -17"><span class='ocrx_word' id='word_1_118' title='bbox 272 1439 499 1487; x_wconf 90' lang='lat' dir='ltr'>homines</span> <span class='ocrx_word' id='word_1_119' title='bbox 536 1456 565 1485; x_wconf 88' lang='lat' dir='ltr'>a</span> <span class='ocrx_word' id='word_1_120' title='bbox 604 1440 710 1486; x_wconf 91' lang='lat' dir='ltr'>deis</span> <span class='ocrx_word' id='word_1_121' title='bbox 747 1439 837 1484; x_wconf 87' lang='lat' dir='ltr'>sed</span> <span class='ocrx_word' id='word_1_122' title='bbox 870 1440 965 1500; x_wconf 89' lang='lat' dir='ltr'>ipsi</span> <span class='ocrx_word' id='word_1_123' title='bbox 1001 1437 1083 1484; x_wconf 90' lang='lat' dir='ltr'>dei</span> <span class='ocrx_word' id='word_1_124' title='bbox 1117 1439 1251 1483; x_wconf 91' lang='lat' dir='ltr'>inter</span> <span class='ocrx_word' id='word_1_125' title='bbox 1285 1452 1339 1482; x_wconf 89' lang='lat' dir='ltr'>se</span> <span class='ocrx_word' id='word_1_126' title='bbox 1375 1435 1459 1500; x_wconf 91' lang='lat' dir='ltr'>[ab</span> <span class='ocrx_word' id='word_1_127' title='bbox 1495 1436 1602 1484; x_wconf 90' lang='lat' dir='ltr'>aliis</span> <span class='ocrx_word' id='word_1_128' title='bbox 1638 1436 1762 1502; x_wconf 81' lang='lat' dir='ltr'>alii]²</span> 
     </span>
     <span class='ocr_line' id='line_1_19' title="bbox 270 1503 1764 1572; baseline -0.002 -18"><span class='ocrx_word' id='word_1_129' title='bbox 270 1507 622 1572; x_wconf 88' lang='lat' dir='ltr'>neglegantur.</span> <span class='ocrx_word' id='word_1_130' title='bbox 709 1505 891 1552; x_wconf 93' lang='lat' dir='ltr'><strong>XLIV.</strong></span> <span class='ocrx_word' id='word_1_131' title='bbox 929 1504 1134 1564; x_wconf 83' lang='lat' dir='ltr'>Quanto</span> <span class='ocrx_word' id='word_1_132' title='bbox 1176 1503 1329 1550; x_wconf 91' lang='lat' dir='ltr'>Stoici</span> <span class='ocrx_word' id='word_1_133' title='bbox 1368 1503 1565 1560; x_wconf 90' lang='lat' dir='ltr'>melius,</span> <span class='ocrx_word' id='word_1_134' title='bbox 1607 1507 1693 1567; x_wconf 83' lang='lat' dir='ltr'>qui</span> <span class='ocrx_word' id='word_1_135' title='bbox 1734 1520 1764 1550; x_wconf 89' lang='lat' dir='ltr'>a</span> 
     </span>
     <span class='ocr_line' id='line_1_20' title="bbox 271 1573 1762 1637; baseline -0.002 -16"><span class='ocrx_word' id='word_1_136' title='bbox 271 1576 409 1621; x_wconf 87' lang='lat' dir='ltr'>vobis</span> <span class='ocrx_word' id='word_1_137' title='bbox 463 1573 940 1637; x_wconf 88' lang='lat' dir='ltr'>reprehenduntur:</span> <span class='ocrx_word' id='word_1_138' title='bbox 1013 1578 1224 1618; x_wconf 89' lang='lat' dir='ltr'>censent</span> <span class='ocrx_word' id='word_1_139' title='bbox 1278 1577 1451 1617; x_wconf 90' lang='lat' dir='ltr'>autem</span> <span class='ocrx_word' id='word_1_140' title='bbox 1505 1574 1762 1633; x_wconf 86' lang='lat' dir='ltr'>sapientes</span> 
     </span>
     <span class='ocr_line' id='line_1_21' title="bbox 270 1637 1763 1704; baseline -0.003 -15"><span class='ocrx_word' id='word_1_141' title='bbox 270 1643 582 1704; x_wconf 85' lang='lat' dir='ltr'>sapientibus</span> <span class='ocrx_word' id='word_1_142' title='bbox 632 1644 786 1687; x_wconf 87' lang='lat' dir='ltr'>etiam</span> <span class='ocrx_word' id='word_1_143' title='bbox 833 1642 1019 1703; x_wconf 87' lang='lat' dir='ltr'>ignotis</span> <span class='ocrx_word' id='word_1_144' title='bbox 1068 1654 1177 1685; x_wconf 87' lang='lat' dir='ltr'>esse</span> <span class='ocrx_word' id='word_1_145' title='bbox 1226 1641 1445 1694; x_wconf 89' lang='lat' dir='ltr'>amicos;</span> <span class='ocrx_word' id='word_1_146' title='bbox 1515 1637 1636 1684; x_wconf 90' lang='lat' dir='ltr'>nihil</span> <span class='ocrx_word' id='word_1_147' title='bbox 1684 1645 1763 1685; x_wconf 88' lang='lat' dir='ltr'>est</span> 
     </span>
     <span class='ocr_line' id='line_1_22' title="bbox 271 1705 1763 1769; baseline -0.003 -13"><span class='ocrx_word' id='word_1_148' title='bbox 271 1712 403 1755; x_wconf 91' lang='lat' dir='ltr'>enim</span> <span class='ocrx_word' id='word_1_149' title='bbox 415 1712 603 1756; x_wconf 81' lang='lat' dir='ltr'>virtute</span> <span class='ocrx_word' id='word_1_150' title='bbox 621 1707 901 1762; x_wconf 85' lang='lat' dir='ltr'>amabilius,</span> <span class='ocrx_word' id='word_1_151' title='bbox 913 1723 1064 1769; x_wconf 88' lang='lat' dir='ltr'>quam</span> <span class='ocrx_word' id='word_1_152' title='bbox 1079 1709 1163 1769; x_wconf 92' lang='lat' dir='ltr'>qui</span> <span class='ocrx_word' id='word_1_153' title='bbox 1181 1706 1396 1768; x_wconf 87' lang='lat' dir='ltr'>adeptus</span> <span class='ocrx_word' id='word_1_154' title='bbox 1413 1708 1527 1761; x_wconf 79' lang='lat' dir='ltr'>erit,</span> <span class='ocrx_word' id='word_1_155' title='bbox 1539 1705 1763 1752; x_wconf 89' lang='lat' dir='ltr'>ubicum-</span> 
     </span>
    </p>

    <p class='ocr_par' dir='ltr' id='par_1_5' title="bbox 166 1771 1764 2159">
     <span class='ocr_line' id='line_1_23' title="bbox 166 1771 1762 1839; baseline -0.002 -16"><span class='ocrx_word' id='word_1_156' title='bbox 166 1783 244 1823; x_wconf 85' lang='lat'>122</span> <span class='ocrx_word' id='word_1_157' title='bbox 270 1793 368 1839; x_wconf 92' lang='lat' dir='ltr'>que</span> <span class='ocrx_word' id='word_1_158' title='bbox 403 1779 499 1823; x_wconf 89' lang='lat' dir='ltr'>erit</span> <span class='ocrx_word' id='word_1_159' title='bbox 523 1779 754 1839; x_wconf 85' lang='lat' dir='ltr'>gentium</span> <span class='ocrx_word' id='word_1_160' title='bbox 781 1791 808 1820; x_wconf 89' lang='lat' dir='ltr'>a</span> <span class='ocrx_word' id='word_1_161' title='bbox 834 1775 976 1820; x_wconf 90' lang='lat' dir='ltr'>nobis</span> <span class='ocrx_word' id='word_1_162' title='bbox 1002 1773 1255 1836; x_wconf 89' lang='lat' dir='ltr'>diligetur.</span> <span class='ocrx_word' id='word_1_163' title='bbox 1323 1771 1424 1819; x_wconf 92' lang='lat' dir='ltr'>Vos</span> <span class='ocrx_word' id='word_1_164' title='bbox 1448 1779 1621 1819; x_wconf 87' lang='lat' dir='ltr'>autem</span> <span class='ocrx_word' id='word_1_165' title='bbox 1642 1773 1762 1836; x_wconf 92' lang='lat' dir='ltr'>quid</span> 
     </span>
     <span class='ocr_line' id='line_1_24' title="bbox 269 1839 1763 1904; baseline -0.002 -14"><span class='ocrx_word' id='word_1_166' title='bbox 269 1843 387 1890; x_wconf 92' lang='lat' dir='ltr'>mali</span> <span class='ocrx_word' id='word_1_167' title='bbox 424 1844 554 1890; x_wconf 91' lang='lat' dir='ltr'>datis</span> <span class='ocrx_word' id='word_1_168' title='bbox 588 1859 701 1889; x_wconf 90' lang='lat' dir='ltr'>cum</span> <span class='ocrx_word' id='word_1_169' title='bbox 731 1845 858 1891; x_wconf 83' lang='lat' dir='ltr'>&lt;in&gt;³</span> <span class='ocrx_word' id='word_1_170' title='bbox 891 1840 1221 1888; x_wconf 87' lang='lat' dir='ltr'>inbecillitate</span> <span class='ocrx_word' id='word_1_171' title='bbox 1254 1839 1677 1904; x_wconf 84' lang='lat' dir='ltr'>gratificationem</span> <span class='ocrx_word' id='word_1_172' title='bbox 1711 1846 1763 1887; x_wconf 85' lang='lat' dir='ltr'>et</span> 
     </span>
     <span class='ocr_line' id='line_1_25' title="bbox 269 1908 1764 1972; baseline -0.003 -14"><span class='ocrx_word' id='word_1_173' title='bbox 269 1910 665 1958; x_wconf 74' lang='lat' dir='ltr'>benivolentiam</span> <span class='ocrx_word' id='word_1_174' title='bbox 712 1909 931 1972; x_wconf 83' lang='lat' dir='ltr'>ponitis!</span> <span class='ocrx_word' id='word_1_175' title='bbox 1008 1908 1081 1955; x_wconf 84' lang='lat' dir='ltr'>Ut</span> <span class='ocrx_word' id='word_1_176' title='bbox 1128 1910 1262 1953; x_wconf 89' lang='lat' dir='ltr'>enim</span> <span class='ocrx_word' id='word_1_177' title='bbox 1302 1910 1536 1953; x_wconf 89' lang='lat' dir='ltr'>omittam</span> <span class='ocrx_word' id='word_1_178' title='bbox 1572 1910 1671 1953; x_wconf 91' lang='lat' dir='ltr'>vim</span> <span class='ocrx_word' id='word_1_179' title='bbox 1710 1913 1764 1954; x_wconf 86' lang='lat' dir='ltr'>et</span> 
     </span>
     <span class='ocr_line' id='line_1_26' title="bbox 269 1975 1763 2037; baseline -0.003 -12"><span class='ocrx_word' id='word_1_180' title='bbox 269 1985 502 2025; x_wconf 87' lang='lat' dir='ltr'>naturam</span> <span class='ocrx_word' id='word_1_181' title='bbox 525 1977 751 2031; x_wconf 84' lang='lat' dir='ltr'>deorum,</span> <span class='ocrx_word' id='word_1_182' title='bbox 775 1993 838 2022; x_wconf 91' lang='lat' dir='ltr'>ne</span> <span class='ocrx_word' id='word_1_183' title='bbox 864 1975 1091 2022; x_wconf 89' lang='lat' dir='ltr'>homines</span> <span class='ocrx_word' id='word_1_184' title='bbox 1118 1975 1322 2037; x_wconf 89' lang='lat' dir='ltr'>quidem</span> <span class='ocrx_word' id='word_1_185' title='bbox 1343 1977 1560 2021; x_wconf 88' lang='lat' dir='ltr'>censetis</span> <span class='ocrx_word' id='word_1_186' title='bbox 1579 1977 1672 2021; x_wconf 84' lang='lat' dir='ltr'>nisi</span> <span class='ocrx_word' id='word_1_187' title='bbox 1691 1977 1763 2020; x_wconf 89' lang='lat' dir='ltr'>in-</span> 
     </span>
     <span class='ocr_line' id='line_1_27' title="bbox 270 2040 1761 2105; baseline -0.003 -13"><span class='ocrx_word' id='word_1_188' title='bbox 270 2045 435 2092; x_wconf 91' lang='lat' dir='ltr'>becilli</span> <span class='ocrx_word' id='word_1_189' title='bbox 473 2052 643 2092; x_wconf 87' lang='lat' dir='ltr'>essent</span> <span class='ocrx_word' id='word_1_190' title='bbox 679 2043 874 2090; x_wconf 85' lang='lat' dir='ltr'>futuros</span> <span class='ocrx_word' id='word_1_191' title='bbox 910 2042 1162 2089; x_wconf 86' lang='lat' dir='ltr'>beneficos</span> <span class='ocrx_word' id='word_1_192' title='bbox 1200 2049 1254 2088; x_wconf 90' lang='lat' dir='ltr'>et</span> <span class='ocrx_word' id='word_1_193' title='bbox 1288 2042 1533 2105; x_wconf 89' lang='lat' dir='ltr'>benignos</span> <span class='ocrx_word' id='word_1_194' title='bbox 1566 2040 1761 2088; x_wconf 88' lang='lat' dir='ltr'>fuisse?</span> 
     </span>
     <span class='ocr_line' id='line_1_28' title="bbox 270 2108 1760 2159; baseline -0.003 0"><span class='ocrx_word' id='word_1_195' title='bbox 270 2112 420 2159; x_wconf 89' lang='lat' dir='ltr'>Nulla</span> <span class='ocrx_word' id='word_1_196' title='bbox 468 2120 546 2159; x_wconf 90' lang='lat' dir='ltr'>est</span> <span class='ocrx_word' id='word_1_197' title='bbox 593 2115 774 2159; x_wconf 88' lang='lat' dir='ltr'>caritas</span> <span class='ocrx_word' id='word_1_198' title='bbox 822 2109 1063 2156; x_wconf 85' lang='lat' dir='ltr'>naturalis</span> <span class='ocrx_word' id='word_1_199' title='bbox 1114 2112 1248 2155; x_wconf 88' lang='lat' dir='ltr'>inter</span> <span class='ocrx_word' id='word_1_200' title='bbox 1297 2109 1496 2156; x_wconf 89' lang='lat' dir='ltr'>bonos?</span> <span class='ocrx_word' id='word_1_201' title='bbox 1577 2108 1760 2155; x_wconf 89' lang='lat' dir='ltr'>Carum</span> 
     </span>
    </p>
   </div>
   <div class='ocr_carea' id='block_1_3' title="bbox 340 2225 1687 2275">
    <p class='ocr_par' dir='ltr' id='par_1_6' title="bbox 340 2225 1687 2275">
     <span class='ocr_line' id='line_1_29' title="bbox 340 2225 1687 2275; baseline -0.002 -3"><span class='ocrx_word' id='word_1_202' title='bbox 340 2232 355 2257; x_wconf 89' lang='lat'>¹</span> <span class='ocrx_word' id='word_1_203' title='bbox 385 2239 740 2275; x_wconf 84' lang='lat' dir='ltr'>caru1n&lt;esse&gt;</span> <span class='ocrx_word' id='word_1_204' title='bbox 764 2231 784 2270; x_wconf 84' lang='lat'><em>?</em></span> <span class='ocrx_word' id='word_1_205' title='bbox 803 2229 869 2270; x_wconf 83' lang='lat' dir='ltr'>ed.</span> <span class='ocrx_word' id='word_1_206' title='bbox 1030 2228 1047 2253; x_wconf 79' lang='lat'>⁸</span> <span class='ocrx_word' id='word_1_207' title='bbox 1081 2226 1219 2269; x_wconf 75' lang='lat' dir='ltr'>Cobet.</span> <span class='ocrx_word' id='word_1_208' title='bbox 1388 2226 1406 2251; x_wconf 81' lang='lat'><strong>³</strong></span> <span class='ocrx_word' id='word_1_209' title='bbox 1434 2225 1687 2269; x_wconf 77' lang='lat' dir='ltr'>Lambinus.</span> 
     </span>
    </p>
   </div>
   <div class='ocr_carea' id='block_1_4' title="bbox 273 2372 1754 2646">
    <p class='ocr_par' dir='ltr' id='par_1_7' title="bbox 273 2372 1754 2646">
     <span class='ocr_line' id='line_1_30' title="bbox 336 2372 1754 2427; baseline -0.004 -8"><span class='ocrx_word' id='word_1_210' title='bbox 336 2384 354 2403; x_wconf 77' lang='lat'><strong>⁰</strong></span> <span class='ocrx_word' id='word_1_211' title='bbox 387 2378 439 2419; x_wconf 88' lang='lat' dir='ltr'>In</span> <span class='ocrx_word' id='word_1_212' title='bbox 469 2379 544 2419; x_wconf 87' lang='lat' dir='ltr'>the</span> <span class='ocrx_word' id='word_1_213' title='bbox 577 2377 725 2418; x_wconf 82' lang='lat' dir='ltr'>actual</span> <span class='ocrx_word' id='word_1_214' title='bbox 755 2376 964 2427; x_wconf 83' lang='lat' dir='ltr'>teaching</span> <span class='ocrx_word' id='word_1_215' title='bbox 992 2376 1043 2416; x_wconf 91' lang='lat' dir='ltr'>of</span> <span class='ocrx_word' id='word_1_216' title='bbox 1071 2375 1351 2415; x_wconf 88' lang='lat' dir='ltr'>Democritus</span> <span class='ocrx_word' id='word_1_217' title='bbox 1384 2373 1506 2415; x_wconf 89' lang='lat' dir='ltr'>these</span> <span class='ocrx_word' id='word_1_218' title='bbox 1538 2372 1754 2415; x_wconf 88' lang='lat' dir='ltr'>scattered</span> 
     </span>
     <span class='ocr_line' id='line_1_31' title="bbox 273 2426 1753 2474; baseline -0.005 0"><span class='ocrx_word' id='word_1_219' title='bbox 273 2433 493 2474; x_wconf 83' lang='lat' dir='ltr'>doctrines</span> <span class='ocrx_word' id='word_1_220' title='bbox 513 2431 684 2472; x_wconf 90' lang='lat' dir='ltr'>formed</span> <span class='ocrx_word' id='word_1_221' title='bbox 705 2446 731 2471; x_wconf 90' lang='lat' dir='ltr'>a</span> <span class='ocrx_word' id='word_1_222' title='bbox 750 2433 991 2471; x_wconf 80' lang='lat' dir='ltr'>consistent</span> <span class='ocrx_word' id='word_1_223' title='bbox 1011 2428 1173 2469; x_wconf 88' lang='lat' dir='ltr'>whole:</span> <span class='ocrx_word' id='word_1_224' title='bbox 1206 2428 1280 2468; x_wconf 88' lang='lat' dir='ltr'>the</span> <span class='ocrx_word' id='word_1_225' title='bbox 1304 2427 1422 2469; x_wconf 86' lang='lat' dir='ltr'>basis</span> <span class='ocrx_word' id='word_1_226' title='bbox 1449 2428 1500 2469; x_wconf 86' lang='lat' dir='ltr'>of</span> <span class='ocrx_word' id='word_1_227' title='bbox 1522 2427 1597 2468; x_wconf 86' lang='lat' dir='ltr'>the</span> <span class='ocrx_word' id='word_1_228' title='bbox 1616 2426 1753 2468; x_wconf 88' lang='lat' dir='ltr'>world</span> 
     </span>
     <span class='ocr_line' id='line_1_32' title="bbox 277 2481 1753 2540; baseline -0.004 -13"><span class='ocrx_word' id='word_1_229' title='bbox 277 2489 312 2528; x_wconf 88' lang='lat' dir='ltr'>is</span> <span class='ocrx_word' id='word_1_230' title='bbox 332 2486 536 2540; x_wconf 86' lang='lat' dir='ltr'>particles</span> <span class='ocrx_word' id='word_1_231' title='bbox 561 2485 610 2527; x_wconf 89' lang='lat' dir='ltr'>of</span> <span class='ocrx_word' id='word_1_232' title='bbox 633 2485 779 2526; x_wconf 87' lang='lat' dir='ltr'>divine</span> <span class='ocrx_word' id='word_1_233' title='bbox 801 2483 892 2531; x_wconf 74' lang='lat' dir='ltr'>fix-e,</span> <span class='ocrx_word' id='word_1_234' title='bbox 915 2482 1100 2535; x_wconf 85' lang='lat' dir='ltr'>floating</span> <span class='ocrx_word' id='word_1_235' title='bbox 1122 2484 1164 2522; x_wconf 90' lang='lat' dir='ltr'>in</span> <span class='ocrx_word' id='word_1_236' title='bbox 1185 2494 1342 2533; x_wconf 84' lang='lat' dir='ltr'>space;</span> <span class='ocrx_word' id='word_1_237' title='bbox 1371 2494 1539 2534; x_wconf 88' lang='lat' dir='ltr'>groups</span> <span class='ocrx_word' id='word_1_238' title='bbox 1558 2481 1609 2522; x_wconf 87' lang='lat' dir='ltr'>of</span> <span class='ocrx_word' id='word_1_239' title='bbox 1632 2481 1753 2522; x_wconf 88' lang='lat' dir='ltr'>them</span> 
     </span>
     <span class='ocr_line' id='line_1_33' title="bbox 278 2534 1753 2591; baseline -0.005 -9"><span class='ocrx_word' id='word_1_240' title='bbox 278 2541 393 2582; x_wconf 88' lang='lat' dir='ltr'>form</span> <span class='ocrx_word' id='word_1_241' title='bbox 423 2540 591 2588; x_wconf 83' lang='lat' dir='ltr'>deities,</span> <span class='ocrx_word' id='word_1_242' title='bbox 620 2543 717 2580; x_wconf 82' lang='lat' dir='ltr'>vast</span> <span class='ocrx_word' id='word_1_243' title='bbox 747 2539 902 2591; x_wconf 86' lang='lat' dir='ltr'>beings</span> <span class='ocrx_word' id='word_1_244' title='bbox 931 2538 982 2577; x_wconf 90' lang='lat' dir='ltr'>of</span> <span class='ocrx_word' id='word_1_245' title='bbox 1011 2536 1118 2588; x_wconf 88' lang='lat' dir='ltr'>long</span> <span class='ocrx_word' id='word_1_246' title='bbox 1145 2535 1220 2576; x_wconf 88' lang='lat' dir='ltr'>life</span> <span class='ocrx_word' id='word_1_247' title='bbox 1248 2535 1330 2576; x_wconf 88' lang='lat' dir='ltr'>but</span> <span class='ocrx_word' id='word_1_248' title='bbox 1358 2539 1436 2576; x_wconf 86' lang='lat' dir='ltr'>not</span> <span class='ocrx_word' id='word_1_249' title='bbox 1463 2534 1753 2588; x_wconf 78' lang='lat' dir='ltr'>everlasting;</span> 
     </span>
     <span class='ocr_line' id='line_1_34' title="bbox 275 2587 1752 2646; baseline -0.004 -11"><span class='ocrx_word' id='word_1_250' title='bbox 275 2606 397 2635; x_wconf 75' lang='lat' dir='ltr'>some</span> <span class='ocrx_word' id='word_1_251' title='bbox 417 2596 467 2635; x_wconf 84' lang='lat' dir='ltr'>of</span> <span class='ocrx_word' id='word_1_252' title='bbox 482 2594 556 2634; x_wconf 88' lang='lat' dir='ltr'>the</span> <span class='ocrx_word' id='word_1_253' title='bbox 575 2592 779 2646; x_wconf 84' lang='lat' dir='ltr'>particles</span> <span class='ocrx_word' id='word_1_254' title='bbox 808 2592 993 2643; x_wconf 86' lang='lat' dir='ltr'>floating</span> <span class='ocrx_word' id='word_1_255' title='bbox 1013 2590 1079 2631; x_wconf 88' lang='lat' dir='ltr'>off</span> <span class='ocrx_word' id='word_1_256' title='bbox 1101 2590 1218 2630; x_wconf 83' lang='lat' dir='ltr'>from</span> <span class='ocrx_word' id='word_1_257' title='bbox 1238 2589 1360 2630; x_wconf 86' lang='lat' dir='ltr'>these</span> <span class='ocrx_word' id='word_1_258' title='bbox 1378 2592 1502 2630; x_wconf 87' lang='lat' dir='ltr'>enter</span> <span class='ocrx_word' id='word_1_259' title='bbox 1520 2588 1595 2630; x_wconf 87' lang='lat' dir='ltr'>the</span> <span class='ocrx_word' id='word_1_260' title='bbox 1614 2587 1752 2636; x_wconf 87' lang='lat' dir='ltr'>mind.</span> 
     </span>
    </p>
   </div>
   <div class='ocr_carea' id='block_1_5' title="bbox 271 2657 364 2707">
    <p class='ocr_par' dir='ltr' id='par_1_8' title="bbox 271 2657 364 2707">
     <span class='ocr_line' id='line_1_35' title="bbox 271 2657 364 2707; baseline 0 0"><span class='ocrx_word' id='word_1_261' title='bbox 271 2657 364 2707; x_wconf 88' lang='grc'>116</span> 
     </span>
    </p>
   </div>
  </div>
 </body>
</html>
