1919 3006
936 174 1187 224 CICERO

312 305 519 353 callidus
540 308 676 370 prius
699 322 852 370 quam
874 305 938 352 ad
959 305 1112 352 finem
1133 308 1332 351 veniam
1356 321 1511 368 equos
1531 306 1808 362 sustinebo,

313 409 476 456 eoque
508 395 669 456 magis
701 395 740 439 si
775 391 912 439 locus
943 394 984 439 is
1016 408 1116 456 quo
1157 389 1387 438 ferentur
1418 394 1536 455 equi
1565 408 1808 455 praeceps

314 482 444 526 erit:
500 482 569 526 sic
614 477 733 534 me,'
774 481 958 541 inquit,
996 476 1006 494 ‘
1032 485 1153 525 ante
1200 480 1442 534 sustineo,
1479 493 1574 525 nec
1620 477 1808 525 diutius

311 567 537 627 captiose
584 565 922 627 interroganti
970 561 1288 625 respondeo.’
1369 561 1421 609 Si
1468 561 1626 610 habes
1674 562 1811 626 quod

312 649 506 714 liqueat
532 665 700 713 neque
727 649 1021 712 respondes,
1049 649 1266 712 superbe
1289 663 1302 705 3
1347 651 1388 696 si
1415 665 1517 695 non
1541 647 1718 704 habes,
1744 663 1810 695 ne

310 743 370 784 tu
406 736 612 800 quidem
647 738 878 798 percipis.
951 734 1001 782 Si
1038 738 1156 798 quia
1191 736 1420 791 obscura,
1453 734 1692 790 concedo,
1721 734 1811 781 sed

310 839 468 886 negas
511 829 566 869 te
609 837 770 885 usque
816 821 881 868 ad
923 822 1135 868 obscura
1176 821 1429 884 progredi.
1509 820 1810 868 Inlustribus

308 911 465 972 igitur
495 909 646 955 rebus
677 910 880 954 insistis.
947 906 998 953 Si
1029 907 1082 954 id
1113 914 1317 954 tantum
1347 907 1498 954 modo
1530 913 1590 954 ut
1619 913 1810 962 taceas,

309 993 432 1041 nihil
465 994 774 1057 adsequeris,
807 993 929 1057 quid
962 996 1097 1040 enim
1131 993 1196 1040 ad
1225 992 1366 1039 illum
1398 996 1484 1056 qui
1515 999 1570 1040 te
1601 999 1809 1055 captare

309 1079 417 1127 vult
446 1088 617 1127 utrum
645 1086 907 1126 tacentem
934 1082 1144 1125 inretiat
1171 1085 1226 1125 te
1255 1095 1321 1125 an
1346 1077 1645 1142 loquentem
1667 1078 1686 1124 ?
1733 1080 1809 1124 sin

309 1173 484 1212 autem
510 1181 670 1228 usque
699 1165 764 1212 ad
789 1181 972 1211 novem
997 1165 1138 1211 verbi
1163 1167 1330 1227 gratia
1355 1167 1462 1210 sine
1489 1163 1808 1211 dubitatione

305 1252 582 1315 respondes
621 1268 785 1315 pauca
825 1267 952 1306 esse,
991 1253 1044 1296 in
1083 1250 1297 1297 decumo
1336 1252 1542 1306 insistis,
1583 1252 1739 1297 etiam
1779 1266 1806 1296 a

306 1340 457 1384 certis
487 1343 541 1383 et
567 1335 936 1382 inlustrioribus
965 1334 1169 1382 cohibes
1199 1335 1504 1391 adsensum3
1548 1333 1643 1381 hoc
1669 1334 1807 1381 idem

306 1439 390 1470 me
434 1425 487 1468 in
531 1423 753 1469 obscuris
798 1420 967 1467 facere
1013 1438 1115 1467 non
1159 1424 1292 1468 sinis.
1373 1419 1510 1467 Nihil
1552 1423 1707 1484 igitur
1751 1426 1806 1467 te

305 1515 483 1556 contra
509 1510 687 1555 soritas
717 1523 794 1554 ars
822 1510 921 1553 ista
949 1507 1156 1553 adiuvat
1183 1523 1314 1570 quae
1342 1522 1436 1553 nec
1465 1505 1685 1570 augendi
1712 1521 1805 1552 nec

303 1593 580 1641 minuendi¹
604 1593 726 1656 quid
751 1599 840 1639 aut
863 1595 1081 1655 primum
1106 1595 1171 1639 sit
1193 1598 1282 1639 aut
1301 1599 1616 1655 postremum
1637 1591 1802 1639 docet.

227 1690 282 1730 95
307 1680 443 1738 Quid
489 1680 626 1743 quod
673 1678 853 1725 eadem
899 1677 984 1724 illa
1031 1694 1108 1725 ars
1156 1681 1298 1741 quasi
1345 1676 1600 1740 Penelope
1646 1676 1804 1724 telam

305 1773 545 1813 retexens
582 1764 716 1811 tollit
753 1765 819 1811 ad
855 1771 1143 1810 extremum
1180 1763 1479 1827 superiora?
1534 1770 1706 1810 utrum
1743 1779 1805 1809 ea

305 1859 475 1898 vestra
508 1867 573 1897 an
605 1858 779 1897 nostra
812 1849 960 1912 culpa
993 1850 1113 1896 est?
1179 1849 1379 1912 Nempe
1412 1847 1804 1896 fundamentum

305 1937 600 1985 dialecticae
629 1943 708 1984 est
735 1936 981 1999 quidquid
1009 1939 1305 1982 enuntietur
1331 1934 1404 1999 (id
1431 1941 1605 1981 autem
1633 1933 1804 1998 appel-

303 2021 412 2069 lant
440 2021 638 2085 ἀξίωμα,
665 2021 802 2085 quod
829 2027 908 2067 est
935 2023 1075 2084 quasi
1111 2019 1340 2083 effatum)
1369 2027 1459 2067 aut
1491 2035 1666 2066 verum
1693 2034 1803 2066 esse

305 2115 395 2156 aut
425 2107 644 2164 falsum;
693 2108 816 2170 quid
846 2107 1042 2170 igitur?
1091 2105 1217 2153 haec
1247 2121 1368 2153 vera
1398 2122 1462 2152 an
1492 2103 1619 2152 falsa
1647 2111 1802 2152 sunt:

302 2192 315 2211 ‘
339 2192 390 2240 Si
425 2200 480 2241 te
515 2196 721 2240 mentiri
750 2193 871 2240 dicis
900 2192 1055 2255 idque
1084 2207 1260 2238 verum
1296 2191 1436 2247 dicis,
1468 2193 1697 2238 mentiris
1715 2196 1731 2220 ²
1751 2188 1800 2236 ’ἓ

305 2279 445 2325 Haec
492 2277 682 2325 scilicet
727 2276 1100 2340 inexplicabilia
1146 2291 1256 2323 esse
1311 2276 1492 2333 dicitis,
1540 2275 1676 2339 quod
1721 2281 1800 2322 est

364 2417 379 2442 ¹
411 2430 491 2457 nec
511 2418 714 2469 augentis
735 2428 816 2456 nec
835 2416 1074 2456 minuentis
1094 2414 1245 2456 Halm.

365 2471 381 2495 ²
411 2472 606 2511 mentiris
636 2471 767 2511 Klotz
794 2469 868 2521 (cf.
897 2474 915 2517 ξ
946 2472 1044 2519 96):
1090 2469 1286 2510 mentiris
1317 2481 1471 2509 verum
1501 2467 1611 2508 dicis
1637 2466 1792 2509 vodda

307 2526 505 2566 mentiris
524 2537 582 2565 an
601 2537 754 2566 verum
775 2523 884 2564 dicis
906 2523 1076 2565 Schatz.

312 2589 408 2637 586
