1919 3006
961 202 1212 251 CICERO

342 342 382 387 si
419 344 498 386 est
532 336 666 384 calor
701 352 730 382 a
765 334 868 382 sole
903 350 958 381 se
993 340 1269 397 opponant.
1339 333 1469 381 Cum
1503 341 1678 382 autem
1712 334 1833 398 pulli

343 404 560 469 pinnulis
610 407 686 451 uti
735 409 964 466 possunt,
1013 409 1126 449 tum
1174 401 1371 448 volatus
1422 418 1597 449 eorum
1644 410 1834 450 matres

241 482 319 522 130
342 478 734 536 prosequuntur,
771 469 965 532 reliqua
1001 486 1121 516 cura
1155 468 1450 516 liberantur.
1520 469 1735 517 Accedit
1771 470 1836 518 ad

344 558 444 588 non
465 539 714 586 nullorum
737 540 1071 584 animantium
1094 543 1147 583 et
1169 553 1343 583 earum
1362 552 1532 583 rerum
1553 553 1678 600 quas
1699 544 1837 584 terra

344 611 510 673 gignit
551 608 985 653 conservationem
1027 611 1081 651 et
1121 603 1339 650 salutem
1378 603 1640 651 hominum
1681 608 1836 652 etiam

345 676 567 723 sollertia
603 680 657 720 et
691 672 970 736 diligentia.
1042 671 1173 717 Nam
1207 670 1400 718 multae
1438 679 1491 718 et
1525 672 1747 734 pecudes
1784 679 1839 719 et

345 747 526 805 stirpes
556 748 673 788 sunt
704 756 834 803 quae
864 743 971 786 sine
1000 742 1353 801 procuratione
1381 737 1642 786 hominum
1670 739 1839 786 salvae

348 827 457 857 esse
482 826 583 856 non
606 814 832 871 possunt.

414 877 442 893 “
468 876 693 939 Magnae
728 878 883 921 etiarn
915 876 1324 936 opportunitates
1359 873 1424 920 ad
1453 872 1647 920 cultum
1682 872 1841 919 homi-

348 961 470 992 num
498 951 653 1006 atque
682 942 1048 988 abundantiam
1075 940 1202 986 aliae
1230 940 1336 986 aliis
1362 943 1413 986 in
1439 939 1557 987 locis
1583 943 1842 1003 reperiun-

349 1020 447 1059 tur.
517 1012 816 1074 Aegyptum
850 1008 991 1055 Nilus
1024 1011 1212 1071 inrigat
1245 1015 1316 1063 et,
1349 1024 1464 1054 cum
1496 1015 1608 1054 tota
1642 1015 1841 1055 aestate

351 1080 586 1126 obrutam
621 1077 983 1139 oppletamque
1019 1079 1205 1131 tenuit,
1235 1082 1347 1122 tum
1379 1075 1574 1122 recedit
1602 1074 1843 1122 mollitos-

351 1163 452 1210 que
512 1153 565 1192 et
624 1145 890 1191 oblimatos
951 1160 1095 1206 agros
1156 1143 1220 1189 ad
1267 1143 1539 1189 serendum
1585 1142 1840 1206 relinquit.

355 1214 783 1276 Mesopotamiam
818 1210 1040 1257 fertilem
1075 1210 1227 1256 efficit
1261 1209 1568 1272 Euphrates,
1602 1212 1655 1256 in
1690 1226 1843 1273 quam

353 1283 642 1345 quotannis1
681 1282 822 1342 quasi
860 1295 1012 1324 novos
1051 1294 1196 1341 agros
1235 1276 1444 1324 invehit.
1515 1277 1671 1324 Indus
1707 1294 1843 1333 vero,

353 1352 439 1412 qui
465 1355 541 1394 est
566 1350 790 1394 omnium
820 1345 1083 1392 fluminum
1111 1347 1380 1400 maximus,
1403 1360 1505 1391 non
1529 1360 1661 1408 aqua.
1685 1343 1844 1391 solum

355 1433 499 1480 agros
511 1414 754 1461 laetificat
774 1421 826 1460 et
842 1416 1047 1475 mitigat
1059 1412 1148 1459 sed
1167 1428 1251 1458 eos
1265 1415 1420 1459 etiam
1437 1414 1681 1467 conserit3
1705 1428 1846 1476 mag-

354 1500 469 1530 nam
510 1485 644 1528 enim
681 1485 780 1527 vim
814 1483 1064 1527 seminum
1111 1495 1283 1526 secum
1328 1478 1571 1526 frumenti
1610 1478 1846 1526 similium

252 1558 327 1598 131
356 1552 538 1598 dicitur
567 1550 852 1610 deportare.
925 1546 1196 1610 Multaque
1227 1546 1324 1593 alia
1350 1549 1400 1592 in
1432 1546 1538 1593 aliis
1567 1545 1685 1593 locis
1714 1562 1847 1593 com-

355 1616 699 1665 memorabilia
735 1614 959 1677 proferre
995 1631 1215 1676 possum,
1251 1613 1436 1660 multos
1472 1612 1664 1660 fertiles
1701 1629 1846 1677 agros

356 1685 476 1732 alios
544 1683 752 1730 aliorum
817 1681 1088 1728 fructuum.
1160 1681 1301 1727 LIII.
1339 1681 1440 1728 Sed
1505 1680 1589 1727 illa
1655 1688 1848 1743 quanta

355 1753 644 1815 benignitas
675 1758 906 1805 naturae,
937 1749 1073 1811 quod
1101 1755 1209 1795 tam
1238 1747 1401 1794 multa
1430 1748 1495 1794 ad
1523 1748 1846 1803 vescendum,

356 1827 464 1866 tam
509 1821 644 1864 varia
690 1825 743 1863 et
787 1825 894 1863 tam
939 1816 1159 1862 iucunda
1202 1818 1385 1879 gignit,
1428 1831 1597 1879 neque
1643 1831 1704 1862 ea
1748 1831 1847 1861 uno

355 1894 588 1948 tempore
634 1887 768 1939 anni,
814 1891 871 1930 ut
916 1899 1117 1945 semper
1163 1890 1216 1930 et
1260 1885 1489 1929 novitate
1534 1881 1848 1929 delectemur

358 1961 412 2001 et
452 1951 628 2015 copia!
698 1951 865 2009 Quam
906 1952 1236 2012 tempestivos
1279 1957 1453 1996 autem
1493 1949 1653 2005 dedit,
1695 1965 1846 2012 quam

357 2019 602 2068 salutares
642 2035 742 2065 non
781 2018 931 2064 modo
970 2017 1231 2064 hominum
1271 2017 1360 2064 sed
1401 2020 1557 2063 etiam
1595 2017 1846 2079 pecudum

357 2090 549 2152 generi,
584 2089 640 2132 iis
677 2086 897 2148 denique
933 2085 1164 2131 omnibus
1201 2100 1332 2147 quae
1367 2086 1597 2130 oriuntur
1632 2100 1660 2130 e
1695 2091 1849 2139 terra,

357 2162 534 2201 ventos
581 2153 814 2200 Etesias!
881 2169 1094 2215 quorum
1140 2151 1266 2198 flatu
1311 2154 1451 2197 nimii
1495 2158 1849 2213 temperantur

356 2221 562 2276 calores,
601 2221 663 2266 ab
700 2220 860 2266 isdem
897 2222 1053 2265 etiam
1088 2221 1327 2265 maritimi
1364 2234 1535 2265 cursus
1568 2217 1756 2265 celeres
1796 2224 1850 2264 et

358 2292 484 2337 certi
545 2288 860 2350 deriguntur.
932 2285 1101 2332 Multa
1161 2285 1536 2347 praetereunda
1595 2292 1715 2332 sunt
1775 2283 1850 2348 [et

498 2396 514 2420 ¹
545 2397 783 2448 quotannis
805 2394 930 2435 Rom.
952 2411 962 2435 z
1002 2393 1121 2446 quod
1145 2405 1300 2440 annos,
1323 2396 1432 2445 quot
1452 2405 1593 2434 annos
1614 2404 1714 2433 MSS.

420 2506 438 2524 ‘⁸
467 2497 772 2540 'l'rade-winds
813 2498 1005 2549 blowing
1043 2496 1330 2549 periodically
1370 2496 1489 2549 (ἔτος,
1520 2496 1652 2549 ‘year
1666 2497 1696 2549 ')
1734 2467 1848 2538 fr}

367 2554 517 2595 N.-W.
539 2552 627 2594 and
648 2552 773 2594 other
793 2557 1007 2604 quarters.

368 2624 460 2667 248
