1919 3006
966 156 1218 205 CICERO

340 292 580 344 maxime,
603 289 684 334 cui
707 293 854 333 erant
877 302 940 333 ea
962 302 1093 349 quae
1115 285 1267 349 paulo
1291 293 1412 333 ante
1435 286 1540 334 dixi
1562 290 1836 335 notissima.

344 370 490 417 Licet
537 371 672 415 enim
717 367 812 415 hoc
859 370 1019 431 quivis
1066 367 1317 414 arbitratu
1362 383 1452 414 suo
1496 367 1841 431 reprehendat

342 451 479 515 quod
508 465 753 514 negemus
782 465 892 496 rem
921 448 1075 495 ullam
1104 451 1295 511 percipi
1323 464 1488 511 posse,
1518 456 1658 496 certe
1685 448 1841 498 levior

341 531 666 596 reprehensio
695 538 773 578 est
796 546 808 588 ;
852 530 989 594 quod
1014 537 1190 577 tamen
1215 530 1426 577 dicimus
1453 546 1563 578 esse
1589 531 1842 595 quaedam

342 613 638 678 probabilia,
664 629 766 660 non
791 612 992 659 videtur
1016 610 1111 659 hoc
1136 615 1259 659 satis
1286 627 1397 659 esse
1422 613 1576 660 vobis.
1637 612 1716 660 Ne
1740 616 1807 661 sit
1829 628 1843 669 ;

342 697 427 744 illa
462 703 601 743 certe
638 695 884 741 debemus
922 692 1145 757 effugere
1183 709 1314 757 quae
1351 709 1382 740 a
1415 700 1470 740 te
1505 692 1586 741 vel
1619 696 1842 742 maxime

345 782 541 843 agitata
585 784 704 824 sunt
728 793 738 822 :
804 775 814 792 ‘
840 774 976 821 Nihil
1020 779 1177 839 igitur
1221 778 1382 822 cernis
1405 775 1424 822 ?
1488 774 1611 821 nihil
1657 775 1842 823 audis?

345 859 467 906 nihil
507 859 602 906 tibi
643 865 722 905 est
760 857 1125 921 perspicuum?
1149 855 1160 872 ’
1232 856 1493 920 Explicavi
1531 856 1683 920 paulo
1723 863 1844 905 ante

345 938 657 989 Clitomacho
678 946 884 986 auctore
904 956 1003 1002 quo
1022 938 1172 985 modo
1190 940 1290 986 ista
1308 938 1596 987 Carneades
1615 939 1809 987 diceret
1831 954 1845 996 3

346 1027 515 1086 accipe
537 1038 690 1086 quem
712 1021 777 1068 ad
795 1021 1003 1068 modum
1027 1020 1207 1067 eadem
1228 1020 1461 1068 dicantur
1481 1037 1512 1068 a
1530 1019 1844 1069 Clitomacho

343 1108 396 1152 in
418 1120 478 1151 eo
499 1103 625 1150 libro
648 1119 802 1166 quem
824 1103 890 1150 ad
910 1101 965 1150 C.
991 1102 1241 1149 Lucilium
1262 1105 1460 1166 scripsit
1481 1108 1706 1165 poetam,
1728 1119 1844 1150 cum

345 1189 623 1250 scripsisset
656 1185 837 1232 iisdem
873 1184 938 1231 de
973 1184 1124 1231 rebus
1161 1183 1227 1231 ad
1262 1182 1320 1231 L.
1359 1183 1690 1231 Censorinum
1726 1200 1844 1232 eum

345 1271 432 1332 qui
456 1266 628 1314 consul
657 1283 772 1313 cum
799 1264 891 1312 Μ’.
925 1264 1138 1312 Manilio
1172 1263 1285 1312 fuit.
1345 1263 1554 1328 Scripsit
1580 1268 1736 1330 igitur
1765 1264 1843 1313 his

347 1349 455 1397 fere
495 1349 847 1396 verbis—sunt
887 1349 1022 1394 enim
1059 1345 1183 1393 mihi
1221 1352 1362 1403 nota,
1399 1353 1673 1411 propterea
1710 1347 1845 1412 quod

348 1447 524 1478 earum
575 1432 799 1493 ipsarum
850 1444 1021 1475 rerum
1072 1427 1137 1475 de
1190 1428 1371 1491 quibus
1431 1431 1628 1492 agimus
1683 1431 1846 1492 prima

346 1513 602 1560 institutio
623 1518 677 1558 et
697 1513 840 1575 quasi
860 1508 1122 1573 disciplina
1138 1509 1223 1556 illo
1246 1509 1373 1557 libro
1397 1510 1845 1558 continetur—sed

243 1605 322 1646 103
348 1597 590 1657 scriptum
634 1600 713 1640 est
753 1595 861 1640 ita:
922 1591 1240 1639 Academicis
1281 1590 1483 1654 placere
1525 1608 1635 1640 esse
1675 1609 1845 1640 rerum

347 1679 456 1724 eius
482 1676 620 1723 modi
645 1673 1077 1722 dissimilitudines
1101 1679 1160 1720 ut
1185 1672 1312 1720 aliae
1335 1672 1622 1736 probabiles
1641 1674 1844 1722 videan-

346 1764 448 1814 tur,
483 1756 610 1804 aliae
648 1763 859 1811 contra3
902 1755 954 1802 id
987 1761 1162 1801 autem
1197 1771 1299 1801 non
1331 1770 1442 1802 esse
1474 1757 1597 1803 satis
1627 1771 1715 1803 cur
1747 1755 1845 1803 alia

345 1855 494 1902 posse
529 1841 719 1901 percipi
755 1838 908 1892 dicas,
943 1834 1041 1882 alia
1071 1852 1173 1883 non
1204 1852 1369 1898 posse,
1401 1842 1675 1900 propterea
1706 1838 1842 1900 quod

346 1919 509 1967 multa
535 1917 663 1966 falsa
689 1917 969 1981 probabilia
997 1920 1115 1972 sint,
1143 1916 1266 1963 nihil
1295 1923 1469 1964 autem
1495 1915 1608 1965 falsi
1634 1934 1841 1982 percep-

346 2008 457 2048 tum
482 2008 536 2047 et
559 2003 818 2064 cognitum
841 2001 1000 2062 possit
1025 2014 1148 2046 esse.
1209 1997 1393 2061 Itaque
1417 2000 1490 2046 ait
1511 1997 1842 2047 vehementer

348 2097 515 2129 errare
554 2097 638 2127 eos
676 2084 761 2144 qui
799 2081 971 2127 dicant
1008 2080 1071 2126 ab
1108 2079 1388 2127 Academia
1422 2095 1596 2128 sensus
1635 2083 1776 2143 eripi,
1813 2097 1843 2128 a

348 2163 528 2226 quibus
550 2177 828 2224 numquam
850 2161 1041 2208 dictum
1064 2163 1130 2208 sit
1151 2167 1241 2208 aut
1261 2159 1478 2208 colorem
1501 2168 1590 2208 aut
1611 2177 1842 2225 saporem

349 2250 438 2289 aut
479 2259 656 2289 sonum
697 2241 890 2288 nullum
932 2258 1059 2298 esse,
1099 2241 1223 2290 illud
1262 2243 1329 2289 sit
1367 2242 1701 2305 disputatum,
1741 2259 1843 2290 non

404 2377 423 2396 G

406 2425 422 2450 ⁶
456 2375 777 2474 1Q43a3icinarks
804 2425 1047 2477 disciplina
1069 2437 1117 2465 as
1145 2438 1204 2465 an
1232 2423 1517 2477 explanation
1545 2423 1596 2465 of
1619 2424 1841 2467 institutio

346 2479 453 2520 used
477 2484 522 2519 to
544 2477 756 2519 translate
777 2492 899 2519 some
922 2478 1069 2520 Greek
1092 2482 1220 2526 term,
1241 2478 1434 2532 perhaps
1456 2482 1655 2528 σύστημα.

349 2580 443 2629 598
