1853 3001
172 1084 227 1122 55

870 176 1121 224 CICERO

249 304 344 354 hac
395 309 552 371 igitur
602 309 932 354 inmensitate
985 306 1315 354 latitudinum
1367 307 1740 373 longitudinum

251 383 577 431 altitudinum
609 384 809 431 infinita
841 386 913 430 vis
946 384 1389 432 innumerabilium
1422 385 1602 433 volitat
1635 392 1742 433 ato—

252 478 464 517 morum,
505 477 637 524 quae
676 464 945 508 interiecto
985 464 1122 507 inani
1163 461 1528 509 cohaerescunt
1566 469 1741 510 tamen

249 541 384 585 inter
409 555 463 585 se
493 545 546 585 et
573 538 701 585 aliae.
729 538 850 585 alias
878 537 1323 601 adprehendentes
1350 542 1744 597 continuantur3

252 631 315 661 ex
343 632 443 679 quo
471 615 755 662 efficiuntur
783 632 874 662 eae
901 632 1069 662 rerum
1097 614 1290 663 formae
1319 623 1373 663 et
1400 616 1592 681 figurae
1620 633 1745 681 quas

252 709 336 739 vos
362 693 488 739 effici
512 709 659 755 posse
685 696 791 739 sine
817 691 1017 740 follibus
1043 700 1097 740 et
1120 694 1385 740 incudibus
1411 711 1511 741 non
1534 697 1746 757 putatis,

250 772 425 833 itaque
456 773 746 832 inposuistis
777 773 828 816 in
859 771 1134 817 cervicibus
1165 774 1348 818 nostris
1378 774 1745 834 sempiternum

250 846 528 902 dominum,
572 863 726 910 quem
771 847 878 894 dies
923 854 977 894 et
1021 854 1196 894 noctes
1240 851 1572 895 timeremus:
1635 851 1745 912 quis

251 927 387 970 enim
417 941 519 970 non
549 927 732 971 timeat
763 927 932 971 omnia
961 925 1316 986 providentem
1349 931 1402 972 et
1432 928 1746 989 cogitantem

253 1008 306 1047 et
364 1001 858 1049 animadvertentem
918 1008 972 1048 et
1029 1005 1198 1048 omnia
1255 1002 1321 1049 ad
1377 1018 1431 1049 se
1488 1005 1746 1065 pertinere

250 1085 522 1139 putantem
547 1082 797 1125 curiosum
824 1085 877 1125 et
900 1077 1109 1141 plenum
1134 1082 1327 1142 negotii
1352 1079 1506 1126 deum
1528 1079 1547 1126 ?
1615 1079 1747 1126 Hinc

252 1155 390 1202 vobis
439 1158 614 1202 extitit
659 1159 878 1217 primum
924 1155 1009 1202 illa
1055 1154 1223 1203 fatalis
1272 1159 1545 1203 necessitas
1593 1173 1746 1220 quam

254 1230 532 1294 εῖμαρμένην
556 1233 738 1288 dicitis,
764 1239 822 1279 ut
855 1233 1095 1296 quicquid
1127 1234 1324 1280 accidat
1354 1233 1407 1281 id
1440 1249 1504 1280 ex
1537 1240 1748 1280 aeterna

251 1312 469 1357 veritate
500 1326 868 1373 causarumque
900 1313 1282 1357 continuatione
1314 1309 1518 1357 fluxisse
1551 1311 1746 1358 dicatis.

253 1386 446 1445 Quanti
481 1394 655 1434 autem
690 1386 817 1434 haec
850 1386 1167 1450 philosophia
1201 1388 1520 1434 aestimanda
1555 1394 1633 1434 est
1667 1389 1747 1434 cui

253 1470 517 1527 tamquam
538 1463 761 1520 aniculis,
782 1471 836 1511 et
859 1468 917 1511 iis
943 1465 1150 1527 quidem
1174 1465 1407 1520 indoctis,
1424 1463 1533 1511 fato
1552 1464 1659 1510 fieri
1679 1467 1748 1510 vi-

255 1541 473 1588 deantur
489 1542 680 1588 omnis?
731 1540 971 1605 Sequitur
988 1541 1194 1603 μαντικὴ
1213 1548 1399 1598 vestra,
1414 1557 1546 1605 quae
1564 1540 1748 1588 Latine

255 1618 498 1665 divinatio
557 1619 757 1674 dicitur,
821 1636 923 1682 qua
976 1626 1125 1666 tanta
1186 1619 1513 1665 inbueremur
1576 1634 1749 1680 super-

254 1698 479 1751 stitione,
495 1699 534 1742 si
550 1712 635 1742 vos
652 1696 825 1743 audire
842 1695 1103 1751 vellemus,
1118 1702 1175 1743 ut
1189 1694 1497 1759 haruspices,
1513 1711 1748 1759 augures,

175 1779 231 1818 56
254 1771 447 1827 harioli,
474 1780 634 1830 vates,
658 1775 968 1820 coniectores
999 1773 1141 1820 nobis
1172 1780 1343 1820 essent
1374 1771 1586 1819 colendi.
1655 1771 1748 1818 His

175 2470 230 2509 67

254 1851 529 1896 terroribus
551 1851 615 1897 ab
637 1850 855 1913 Epicuro
877 1849 1027 1897 soluti
1050 1857 1103 1897 et
1123 1853 1175 1896 in
1194 1849 1488 1897 libertatem
1510 1849 1748 1896 vindicati

254 1942 348 1973 nec
374 1931 649 1974 metuimus
678 1944 762 1974 eos
791 1944 915 1990 quos
942 1927 1286 1991 intellegimus
1312 1942 1407 1973 nec
1433 1927 1527 1973 sibi
1555 1925 1747 1989 fingere

255 2003 408 2050 ullam
426 2003 713 2051 molestiam
732 2021 825 2050 nec
845 2003 992 2050 alteri
1011 2020 1275 2067 quaerere,
1295 2010 1350 2050 et
1366 2005 1450 2065 pie
1469 2009 1748 2065 sancteque

254 2080 461 2127 colimus
484 2088 720 2127 naturam
743 2080 1080 2128 excellentem
1103 2088 1260 2143 atque
1281 2086 1647 2143 praestantem.

320 2156 347 2173 “
371 2156 473 2205 Sed
524 2157 687 2205 elatus
739 2159 908 2205 studio
959 2174 1135 2204 vereor
1185 2173 1251 2204 ne
1301 2155 1496 2220 longior
1546 2154 1745 2201 fuerim.

255 2234 381 2280 Erat
409 2242 583 2281 autern
610 2234 807 2281 difficile
834 2251 943 2281 rem
970 2241 1171 2281 tantam
1198 2241 1409 2296 tamque
1435 2230 1747 2295 praeclaram

253 2310 543 2358 inchoatam
571 2311 857 2374 relinquere
880 2327 892 2367 ;
940 2327 1250 2374 quamquam
1278 2326 1381 2357 non
1408 2316 1516 2356 tam
1545 2307 1746 2354 dicendi

253 2391 383 2434 ratio
405 2387 527 2434 mihi
549 2387 786 2435 habenda
806 2387 905 2434 fuit
927 2404 1079 2450 quam
1103 2384 1395 2434 audiendi.’'

317 2464 458 2511 XXI.
493 2465 624 2511 Tum
661 2464 815 2512 Cotta
850 2468 1063 2511 comiter
1098 2470 1157 2510 ut
1191 2462 1424 2510 solebat:
1478 2459 1508 2478 ‘⁴
1531 2455 1746 2523 Atqui,’'

265 2598 327 2640 54
