1919 3006
936 215 1189 265 CICERO

312 351 421 411 ipsa
451 347 731 395 invaderet.
801 346 1102 411 Eademque
1133 346 1260 395 haec
1293 350 1396 395 avis
1428 347 1664 395 scribitur
1693 363 1807 395 con-

313 414 416 462 chis
446 431 500 462 se
530 415 690 462 solere
721 414 975 477 complere
1006 431 1195 478 easque
1224 432 1339 461 cum
1368 414 1614 462 stomachi
1643 414 1808 462 calore

313 486 602 529 concoxerit
620 498 874 539 evomere,
891 489 1047 545 atque
1063 486 1137 529 ita
1154 482 1342 546 eligere
1360 499 1423 529 ex
1441 485 1500 529 iis
1521 499 1652 546 quae
1668 487 1808 530 sunt¹

209 557 290 597 125
316 549 590 597 esculenta.
661 549 835 597 Ranae
867 557 1042 597 autem
1071 553 1297 596 marinae
1328 550 1564 597 dicuntur
1593 550 1808 597 obruere

313 634 425 664 sese
455 616 647 664 harena
674 616 836 664 solere
867 623 921 664 et
949 620 1140 664 moveri
1168 633 1326 680 prope
1356 633 1559 680 aquam,
1589 617 1655 664 ad
1683 632 1808 680 quas

315 687 457 747 quasi
483 684 548 732 ad
573 700 741 731 escam
764 688 926 747 pisces
951 701 1066 731 cum
1092 687 1395 731 accesserint
1419 684 1595 731 confici
1621 700 1652 730 a
1673 686 1808 730 ranis

315 759 472 814 atque
511 755 752 798 consumi.
824 751 986 798 Miluo
1027 759 1105 798 est
1144 751 1401 814 quoddam
1437 750 1628 798 bellum
1667 753 1809 814 quasi

313 817 546 865 naturale
577 835 693 865 cum
723 835 869 865 corvo
893 834 905 874 3
955 835 1075 882 ergo
1107 818 1236 865 alter
1266 818 1471 865 alterius
1502 819 1809 881 ubicumque

314 892 529 933 nanctus
567 892 646 932 est
681 902 776 933 ova
810 884 1016 949 frangit.
1088 885 1220 932 Illud
1255 902 1373 933 vero
1409 885 1497 949 (ab
1532 884 1810 932 Aristotele

314 953 722 1000 animadversum
774 969 804 999 a
855 969 954 1016 quo
1006 952 1269 1016 pleraque)
1323 955 1433 1017 quis
1484 959 1657 1015 potest
1707 968 1811 999 non

313 1023 500 1076 mirari,
548 1036 699 1084 grues
751 1036 867 1066 cum
916 1019 1026 1067 loca
1076 1020 1312 1067 calidiora
1361 1026 1601 1082 petentes
1651 1022 1811 1066 maria

313 1090 670 1134 transmittant
698 1086 939 1151 trianguli
969 1087 1166 1134 efficere
1195 1087 1410 1134 formam
1433 1087 1451 1133 ?
1501 1090 1606 1134 eius
1636 1093 1811 1133 autem

312 1171 511 1201 summo
549 1153 733 1218 angulo
771 1159 861 1201 aer
897 1154 961 1201 ab
997 1157 1055 1201 iis
1092 1154 1331 1202 adversus
1366 1153 1588 1218 pellitur,
1624 1153 1811 1201 deinde

313 1225 502 1268 sensim
533 1222 596 1268 ab
627 1229 846 1284 utroque
875 1220 1037 1268 latere
1067 1228 1332 1285 tamquam
1360 1224 1510 1268 remis
1540 1224 1614 1268 ita
1643 1223 1809 1284 pinnis

314 1306 485 1335 cursus
517 1292 683 1335 avium
713 1288 942 1344 levatur3
979 1289 1113 1336 basis
1145 1296 1320 1336 autem
1348 1287 1606 1353 trianguli,
1636 1293 1811 1352 quem²

313 1356 536 1403 efficiunt
556 1372 726 1420 grues,
744 1372 805 1402 ea
819 1363 1085 1419 tamquam
1107 1372 1137 1402 a
1155 1359 1313 1419 puppi
1329 1359 1494 1403 ventis
1511 1356 1780 1403 adiuvatur
1797 1369 1811 1411 ;

315 1439 510 1486 eaeque
567 1427 620 1470 in
678 1430 826 1487 tergo
883 1423 1289 1486 praevolantium
1346 1423 1474 1470 colla
1531 1429 1586 1470 et
1642 1425 1811 1485 capita

313 1497 604 1553 reponunt3
661 1491 797 1553 quod
835 1494 954 1553 quia
989 1494 1098 1553 ipse
1137 1492 1240 1538 dux
1278 1489 1446 1538 facere
1483 1506 1585 1537 non
1620 1496 1811 1552 potest,

315 1561 435 1621 quia
465 1556 567 1604 no‘n
598 1556 758 1604 habet
790 1558 876 1604 ubi
908 1561 1120 1614 nitatur,
1151 1557 1347 1605 revolat
1377 1565 1437 1605 ut
1466 1560 1576 1620 ipse
1608 1572 1811 1620 quoque

315 1628 561 1688 quiescat,
589 1628 643 1672 in
674 1628 779 1672 eius
809 1624 976 1671 locum
1004 1626 1230 1673 succedit
1261 1642 1324 1672 ex
1353 1628 1411 1672 iis
1442 1640 1574 1688 quae
1604 1624 1812 1687 adquie-

313 1699 450 1748 runt,
490 1708 654 1755 eaque
693 1693 982 1739 vicissitudo
1019 1696 1072 1739 in
1111 1695 1247 1739 omni
1284 1709 1432 1739 cursu
1469 1698 1809 1739 conservatur.

212 1764 291 1804 126
319 1758 489 1806 Multa
520 1763 626 1806 eius
656 1760 793 1807 modi
824 1759 1049 1822 proferre
1080 1776 1302 1822 possum,
1333 1759 1424 1807 sed
1453 1775 1614 1823 genus
1645 1761 1811 1821 ipsum

317 1827 511 1901 VidsQiS·
582 1826 692 1873 Iam
712 1843 829 1874 vero
853 1826 938 1873 illa
964 1831 1120 1874 etiam
1139 1830 1353 1883 notiora,
1373 1833 1565 1890 quanto
1584 1841 1639 1873 se
1658 1840 1812 1888 opere

316 1894 605 1941 custodiant
627 1895 842 1950 bestiae,
865 1902 923 1942 ut
946 1897 999 1941 in
1027 1902 1178 1958 pastu
1203 1898 1643 1956 circumspectent‚
1673 1899 1732 1939 ut
1759 1895 1812 1938 in

314 1961 560 2008 cubilibus
585 1961 890 2008 delitiscant.
1147 1961 1205 2009 L.
1242 1962 1417 2025 Atque
1440 1960 1525 2007 illa
1547 1959 1812 2015 mirabilia,

315 2029 580 2092 quod—ea
622 2045 754 2092 quae
797 2045 975 2091 nuper,
1017 2029 1071 2076 id
1113 2036 1192 2077 est
1226 2032 1398 2091 paucis
1436 2035 1556 2075 ante
1598 2026 1812 2082 saeclis,⁸

878 2136 894 2161 1
923 2137 1012 2177 sint
1030 2136 1223 2177 Ernesti.

377 2190 395 2215 ²
424 2203 558 2243 quem
580 2191 683 2232 dett.
704 2207 714 2231 ε
749 2203 899 2243 quam.
1075 2191 1092 2215 ³
1123 2190 1168 2232 id
1190 2221 1201 2232 .
1223 2220 1233 2231 .
1258 2220 1268 2231 .
1290 2189 1442 2231 saeclis
1462 2189 1560 2230 secl.
1587 2187 1727 2230 Cobet.

379 2321 398 2340 ‘²
428 2315 580 2358 Cicero
609 2329 750 2357 seems
778 2320 825 2358 to
853 2316 966 2357 have
994 2315 1177 2357 omitted
1208 2329 1257 2356 or
1286 2313 1640 2356 misunderstood
1669 2326 1811 2355 some-

319 2369 448 2422 thing
474 2372 518 2411 in
545 2370 785 2417 Aristotle;
827 2371 903 2411 the
927 2383 1116 2422 passage
1141 2369 1306 2422 quoted
1333 2370 1368 2409 is
1395 2374 1472 2410 not
1497 2371 1542 2409 in
1568 2369 1635 2409 his
1659 2370 1812 2409 extant

321 2424 481 2465 works.
546 2423 690 2476 Pliny,
722 2424 845 2465 N.H.
879 2438 920 2464 x.
955 2427 1023 2472 63,
1055 2423 1152 2464 tells
1189 2424 1264 2464 the
1301 2436 1423 2464 same
1460 2423 1589 2476 thing
1625 2422 1677 2463 of
1708 2419 1811 2462 wild

320 2490 449 2529 geese
478 2477 567 2518 and
596 2491 755 2526 swans,
784 2480 945 2530 saying
973 2491 1001 2517 a
1029 2482 1146 2529 teryo
1175 2478 1335 2518 sensim
1364 2477 1581 2518 dilatante
1607 2488 1652 2516 se
1679 2487 1811 2516 cuneo

320 2533 570 2582 porriqz'tur
599 2545 767 2583 aymen,
792 2531 802 2548 ‘
822 2531 898 2572 the
923 2531 1101 2572 column
1126 2531 1291 2571 widens
1315 2535 1394 2572 out
1418 2535 1465 2572 at
1488 2530 1563 2571 the
1587 2543 1684 2570 rear
1705 2527 1810 2569 with

321 2584 396 2625 the
416 2585 606 2637 gradual
625 2585 902 2638 broadening
923 2586 974 2626 of
990 2586 1063 2626 the
1085 2584 1267 2638 wedge.’

330 2654 424 2696 242
