1853 3001
859 245 1111 295 CICERO

241 373 460 421 alterum
502 377 676 437 spatiis
719 375 1101 423 inmutabilibus
1139 376 1203 423 ab
1240 383 1355 424 ortu
1391 376 1457 424 ad
1498 393 1729 424 occasum

241 457 528 488 commeans
562 442 755 488 nullum
780 460 1022 506 umquam
1046 460 1216 490 cursus
1247 447 1323 490 sui
1352 447 1624 508 vestigium
1655 448 1729 491 in-

241 509 432 565 flectat,
459 509 675 556 alterum
713 517 887 556 autem
923 514 1185 558 continuas
1219 515 1566 559 conversiones
1603 513 1727 559 duas

240 577 401 624 isdem
437 580 610 639 spatiis
644 579 981 641 cursibusque
1017 578 1266 635 conficiat,
1309 595 1373 626 ex
1414 586 1631 642 utraque
1672 595 1727 626 re

241 651 296 692 et
330 645 505 691 mundi
548 644 851 702 volubilitas,
894 662 1025 709 quae
1072 650 1166 693 nisi
1213 650 1265 692 in
1312 646 1522 709 globosa
1567 645 1728 694 forma

241 728 350 760 esse
387 729 487 759 non
525 720 714 774 posset,
752 720 806 761 et
843 713 1104 760 stellarum
1145 715 1349 761 rotundi
1392 715 1612 762 ambitus
1648 731 1730 762 co-

239 786 563 843 gnoscuntur.

305 846 644 910 “Primusque
661 846 750 904 sol,
768 850 851 911 qui
870 855 1119 895 astrorum
1134 855 1282 895 tenet
1292 851 1647 910 principatum,
1657 851 1730 895 ita

237 922 470 962 movetur
504 922 563 962 ut
597 932 712 961 cum
745 922 906 962 terras
940 915 1082 980 larga
1115 914 1226 962 luce
1262 915 1589 979 compleverit
1623 932 1731 963 eas-

237 982 356 1029 dem
388 982 538 1029 modo
572 981 647 1029 his
681 983 832 1030 modo
865 982 958 1030 illis
994 1000 1058 1030 ex
1091 984 1319 1046 partibus
1354 990 1571 1046 opacet3
1621 986 1731 1046 ipsa

238 1053 373 1096 enim
392 1050 571 1096 umbra
595 1057 763 1097 terrae
788 1050 879 1097 soli
902 1050 1121 1098 officiens
1140 1058 1344 1098 noctem
1363 1051 1531 1099 efficit.
1601 1051 1730 1098 Noc-

237 1124 502 1164 turnorum
538 1125 713 1164 autem
748 1122 1026 1180 spatiorum
1062 1119 1243 1166 eadem
1280 1126 1359 1166 est
1393 1118 1727 1182 aequabilitas

238 1201 369 1248 quae
387 1186 694 1232 diurnorum.
754 1186 1098 1250 Eiusdemque
1114 1186 1228 1233 solis
1248 1193 1359 1233 tum
1380 1202 1605 1233 accessus
1624 1203 1730 1232 mo-

237 1253 334 1299 dici
364 1260 476 1299 tum
505 1269 730 1300 recessus
764 1261 816 1300 et
847 1252 1042 1318 frigoris
1075 1261 1129 1301 et
1159 1254 1332 1300 caloris
1363 1254 1572 1301 modum
1600 1261 1723 1301 tem¹

236 1328 433 1383 perant.
505 1320 806 1368 Circumitus
845 1325 980 1368 enim
1016 1321 1129 1369 solis
1172 1323 1368 1368 orbium
1409 1325 1634 1385 quinque
1676 1328 1730 1368 et

236 1391 506 1451 sexaginta
554 1395 608 1435 et
655 1395 1003 1436 trecentorum
1051 1396 1233 1453 quarta
1279 1388 1387 1436 fere
1435 1389 1535 1436 djei
1582 1395 1729 1451 parte

237 1455 412 1502 addita
445 1459 822 1503 conversionem
855 1456 1127 1504 conficiunt
1160 1471 1415 1512 annuam3
1465 1455 1730 1503 inflectens

238 1530 411 1570 autem
453 1523 525 1570 sol
567 1540 766 1570 cursum
802 1532 914 1571 tum
951 1525 1016 1572 ad
1051 1531 1251 1587 septem
1292 1528 1481 1571 triones
1517 1531 1629 1571 tum
1666 1523 1731 1570 ad

234 1591 500 1637 meridiem
559 1599 782 1638 aestates
843 1599 897 1639 et
954 1591 1146 1639 hiemes
1200 1591 1353 1639 efficit
1400 1598 1454 1638 et
1511 1607 1574 1638 ea
1628 1591 1730 1638 duo

236 1665 468 1721 tempora
488 1674 701 1722 quorum
721 1659 938 1706 alterum
956 1658 1111 1706 hiemi
1131 1662 1415 1707 senescenti
1435 1659 1730 1706 adjunctum

238 1733 316 1772 est
366 1725 582 1772 alterum
631 1730 831 1773 aestati.
903 1727 985 1773 Ita
1034 1744 1098 1774 ex
1148 1734 1391 1791 quattuor
1438 1734 1728 1789 temporum

235 1794 601 1840 mutationibus
628 1798 853 1841 omnium
879 1811 1010 1858 quae
1036 1802 1174 1842 terra
1197 1798 1426 1858 marique
1450 1797 1731 1858 gignuntur

238 1864 382 1907 initia
404 1877 689 1925 causaeque
712 1862 979 1909 ducuntur.

150 1937 205 1977 50
295 1927 447 1974 “Iam
486 1928 600 1976 solis
645 1946 836 1976 annuos
875 1946 1046 1976 cursus
1085 1932 1260 1992 spatiis
1299 1931 1570 1976 menstruis
1608 1927 1728 1974 luna

236 1999 575 2059 consequitur,
614 2000 752 2044 cuius
795 2000 1148 2043 tenuissimum
1184 1996 1356 2043 lumen
1397 1995 1521 2042 facit
1560 1998 1726 2058 proxi-

235 2079 345 2109 mus
380 2080 606 2110 accessus
645 2065 709 2112 ad
734 2063 908 2120 solem,
934 2065 1185 2128 digressus
1213 2071 1387 2111 autem
1410 2062 1727 2126 longissimus

237 2133 450 2194 quisque
483 2130 844 2193 plenissimum.
914 2131 1095 2195 Neque
1128 2131 1287 2178 solum
1322 2134 1427 2178 eius
1452 2133 1644 2193 species
1670 2146 1728 2176 ae

236 2196 397 2244 forma
441 2205 671 2245 mutatur
714 2206 826 2246 tum
873 2199 1143 2246 crescendo
1189 2206 1300 2246 tum
1345 2196 1629 2246 defectibus
1674 2200 1727 2243 in
1767 2200 1769 2202 ’

234 2267 380 2312 initia
421 2266 743 2323 recurrendo,
786 2267 876 2314 sed
920 2270 1076 2314 etiam
1117 2269 1275 2330 regio,
1318 2281 1450 2329 quae
1491 2271 1604 2312 tum
1647 2270 1727 2311 est

297 2408 316 2428 ⁶
346 2403 439 2445 The
463 2403 577 2445 fixed
603 2409 714 2445 stars
740 2418 814 2445 are
838 2405 1007 2446 carried
1032 2403 1175 2446 round
1198 2404 1274 2446 the
1298 2403 1424 2456 polar
1447 2405 1541 2445 axis
1564 2403 1627 2456 by
1649 2403 1725 2444 the

237 2457 417 2510 general
456 2457 648 2499 celestial
688 2463 952 2506 movement‚
994 2459 1122 2499 while
1161 2458 1236 2499 the
1274 2457 1446 2510 planets
1486 2458 1599 2499 have
1636 2461 1724 2498 two

237 2511 554 2552 simultaneous
576 2514 780 2560 motion&
802 2513 865 2564 (1)
886 2513 984 2553 that
1003 2514 1054 2553 of
1068 2513 1142 2554 the
1162 2512 1276 2553 fixed
1297 2517 1424 2560 stars,
1445 2511 1508 2564 (2)
1530 2525 1558 2552 a
1577 2524 1725 2552 move-

238 2570 379 2659 mentd
381 2567 447 2660 οἳ]
447 2567 558 2607 their
579 2580 693 2661 (ἔνη,
715 2567 778 2619 by
798 2567 941 2608 which
962 2567 1068 2618 they
1089 2566 1261 2608 revolve
1282 2566 1350 2619 (as
1371 2579 1460 2607 was
1481 2564 1722 2619 supposed)

235 2631 348 2661 roun
399 2624 417 2660 t
451 2634 474 2660 e
494 2624 586 2661 eart
620 2650 632 2662 .

245 2686 339 2732 170
