1853 3001
826 164 1078 214 CICERO

207 294 406 341 brevius
432 310 585 357 quam
609 311 761 341 causa
786 295 1056 341 desiderat.
1125 295 1370 358 Epicurus
1397 303 1588 353 autem,
1613 298 1698 360 qui

207 386 286 416 res
334 369 554 416 occultas
603 376 656 416 et
702 373 906 432 penitus
954 371 1153 417 abditas
1195 388 1295 418 non
1335 373 1485 419 modo
1527 373 1699 420 videat

209 447 376 491 animo
399 444 490 491 sed
515 447 670 490 etiam
694 447 763 490 sic
786 451 976 491 tractet
999 451 1058 492 ut
1080 462 1252 501 manu,
1276 446 1426 493 docet
1450 463 1563 494 eam
1588 463 1697 494 esse

208 522 308 564 vim
344 525 398 565 et
431 525 667 564 naturam
702 519 911 566 deorum
946 526 1004 566 ut
1037 523 1256 582 primum
1291 538 1391 567 non
1425 537 1574 568 sensu
1608 521 1699 569 sed

209 600 384 640 mente
431 599 739 649 cernantur,1
785 611 879 640 nec
925 594 1181 641 soliditate
1228 596 1448 658 quadam
1493 613 1587 643 nec
1633 597 1698 643 ad

211 684 495 724 numerum,
512 675 570 714 ut
588 685 649 714 ea
666 685 796 732 quae
814 668 896 715 ille
913 677 1122 732 propter
1138 670 1431 717 firmitatem
1449 669 1700 733 στερέμνια

209 743 451 806 appellat,
487 744 577 791 sed
611 745 914 807 imaginibus
950 745 1277 792 similitudine
1314 753 1368 793 et
1402 749 1700 793 transitione

206 820 480 880 perceptis,
495 834 611 864 cum
625 818 825 865 infinita
839 818 1222 866 simillumarum
1233 823 1513 884 imaginum
1525 824 1701 868 series²

209 907 273 938 ex
315 892 766 939 innumerabilibus
808 893 1077 940 individuis
1122 897 1311 942 existat
1353 902 1408 942 et
1450 895 1517 943 ad
1558 896 1701 942 deos³

207 965 419 1022 adfluat,
453 983 568 1013 cum
601 970 835 1014 maximis
869 967 1215 1031 voluptatibus
1249 972 1301 1016 in
1336 985 1422 1016 eas
1454 972 1703 1034 imagines

208 1047 437 1087 mentem
453 1044 708 1088 intentam
723 1042 1035 1106 infixamque
1052 1050 1278 1090 nostram
1292 1043 1701 1108 intellegentiam

129 1121 187 1161 50
208 1131 391 1178 capere
415 1132 547 1178 quae
571 1119 638 1163 sit
662 1123 715 1163 et
738 1117 894 1164 beata
917 1125 1101 1164 natura
1125 1125 1178 1165 et
1201 1126 1427 1166 aeterna.
1495 1118 1704 1166 Summa

209 1205 328 1236 vero
368 1193 440 1236 vis
480 1190 746 1237 infinitatis
787 1198 841 1238 et
880 1208 1067 1255 magna
1108 1209 1165 1238 ac
1205 1193 1439 1257 diligenti
1477 1200 1704 1241 contem-

207 1263 434 1327 platione
465 1265 760 1329 dignissima
790 1273 887 1323 est,
915 1269 968 1312 in
999 1284 1099 1330 qua
1127 1267 1358 1332 intellegi
1386 1285 1594 1316 necesse
1625 1275 1704 1315 est

210 1353 325 1385 earn
359 1355 468 1386 esse
502 1347 738 1386 naturam
771 1347 828 1387 ut
861 1344 1031 1388 omnia
1062 1343 1295 1389 omnibus
1326 1344 1531 1406 paribus
1562 1346 1705 1406 paria

208 1414 568 1476 respondeant.
639 1415 785 1461 Hanc
824 1415 1072 1478 ἰσονομίαν
1108 1417 1334 1480 appellat
1364 1418 1628 1480 EpicuruS,
1651 1418 1704 1465 id

210 1495 291 1535 est
336 1489 657 1552 aequabilem
702 1491 1050 1539 tributionem.
1118 1493 1197 1538 Ex
1243 1492 1338 1540 hac
1381 1496 1538 1558 igitur
1581 1492 1706 1540 illud

209 1562 440 1619 efficitur,
492 1567 533 1611 si
585 1565 874 1612 mortalium
928 1573 1077 1613 tanta
1128 1566 1404 1615 multitudo
1456 1571 1539 1624 sit,
1593 1584 1703 1615 esse

208 1637 553 1685 inmortalium
596 1656 698 1686 non
740 1644 1006 1697 minorem,
1051 1648 1105 1688 et
1147 1645 1189 1689 si
1233 1658 1364 1706 quae
1407 1645 1705 1690 interimant

208 1713 597 1760 innumerabilia
619 1717 738 1770 sint,
763 1718 919 1762 etiam
944 1732 1006 1762 ea
1029 1733 1161 1779 quae
1185 1724 1486 1765 conservent
1506 1717 1706 1765 infinita

210 1801 322 1833 6336
343 1787 549 1834 debere.

275 1859 304 1876 “
328 1861 397 1908 Et
435 1878 682 1924 quaerere
721 1878 751 1909 a
788 1864 950 1919 nobis,
988 1863 1164 1920 Balbe,
1201 1863 1392 1920 soletis,
1430 1881 1562 1928 quae
1600 1868 1706 1913 vita

131 1941 184 1979 51
211 1935 422 1983 deorum
450 1940 516 1984 sit
545 1953 780 2001 quaeque
811 1939 875 1985 ab
903 1942 962 1985 iis
991 1940 1210 2003 degatur
1238 1947 1396 1987 aetas.
1464 1940 1541 1987 Ea
1568 1941 1706 1988 vide-

210 2008 329 2056 licet
351 2027 452 2073 qua
473 2010 596 2057 nihil
616 2012 835 2067 beatius,
857 2011 980 2058 nihil
1001 2014 1233 2060 omnibus
1254 2014 1398 2061 bonis
1419 2014 1705 2063 affluentius

210 2088 422 2147 cogitari
437 2092 625 2147 potest.
695 2086 831 2132 Nihil
848 2090 981 2133 enim
996 2091 1121 2151 agit,
1133 2088 1280 2135 nullis
1292 2091 1705 2152 occupationibus

211 2165 292 2206 est
321 2159 608 2222 inplicatus,
640 2161 777 2207 nulla
809 2178 964 2224 opera
993 2162 1217 2220 molitur,
1248 2180 1339 2210 sua
1369 2167 1621 2227 sapientia
1651 2172 1705 2213 et

646 2269 662 2293 ²
692 2273 928 2310 cernantur
947 2269 988 2309 B
1005 2286 1017 2311 ε
1055 2274 1272 2312 cernatur.

645 2322 662 2347 ²
693 2325 823 2363 series
844 2323 1027 2375 Brieyer
1044 2341 1054 2364 ε
1094 2326 1273 2376 species.

412 2375 431 2399 ⁸
460 2374 518 2415 ad
536 2388 610 2416 eos
627 2375 668 2415 B
683 2392 697 2418 e
732 2390 759 2416 a
778 2376 876 2424 deo,
896 2377 953 2417 ad
972 2390 1066 2425 nos,
1084 2391 1112 2418 a
1129 2377 1213 2419 diis
1231 2378 1288 2418 ad
1306 2391 1386 2419 nos
1404 2379 1503 2421 edd.

218 2501 239 2522 ⁸
270 2498 494 2553 Probably
515 2505 562 2542 to
582 2501 637 2542 be
657 2501 823 2543 altered
844 2504 937 2544 into
959 2507 971 2525 ⁸
983 2507 1169 2544 streams
1188 2507 1236 2544 to
1255 2517 1308 2545 us
1326 2505 1444 2546 from
1463 2505 1538 2546 the
1555 2505 1699 2559 gods?

217 2567 280 2612 50
