1919 3006
944 222 1195 271 CICERO

320 354 451 400 tium
479 368 650 399 rerum
679 369 782 399 non
810 353 1101 415 improbant
1134 359 1187 399 et
1216 369 1326 399 rem
1355 351 1592 400 idoneam
1621 351 1687 400 de
1717 367 1819 417 qua

321 462 596 518 quaeratur
639 461 693 502 et
732 453 961 501 homines
998 455 1176 518 dignos
1211 455 1510 518 quibuscum
1544 455 1819 502 disseratur

322 564 522 620 putant.
593 556 735 604 Philo
760 564 935 604 autem
959 558 1081 604 dum
1104 573 1235 604 nova
1258 557 1511 621 quaedam
1534 563 1821 604 commovet

321 660 459 723 quod
486 676 547 706 ea
573 662 823 707 sustinere
850 662 933 707 vix
959 666 1165 723 poterat
1192 676 1323 724 quae
1351 666 1527 707 contra
1553 659 1822 707 Academi-

322 778 493 809 corum
528 765 861 825 pertinaciam
897 762 1215 819 dicebantur,
1253 769 1307 810 et
1343 769 1522 826 aperte
1555 765 1821 818 mentitur,

322 871 381 911 ut
409 871 487 911 est
513 863 848 927 reprehensus
877 881 907 911 a
932 871 1080 928 patre
1109 864 1308 921 Catulo,
1337 871 1408 922 et,
1434 871 1494 912 ut
1519 864 1692 912 docuit
1717 864 1823 912 An-

320 965 535 1023 tiochus,
567 970 620 1013 in
651 967 704 1015 id
738 970 904 1030 ipsum
936 983 991 1015 se
1023 967 1189 1015 induit
1221 967 1358 1031 quod
1392 967 1625 1014 timebat.
1694 965 1824 1014 Cum

323 1071 458 1116 enim
488 1072 562 1116 ita
592 1076 808 1133 negaret
839 1070 1117 1134 quidquam
1155 1086 1264 1117 esse
1297 1069 1433 1134 quod
1464 1068 1824 1133 comprehendi

324 1178 497 1235 posset
521 1171 594 1236 (id
627 1175 762 1219 enim
787 1171 1014 1219 volumus
1053 1188 1162 1219 esse
1196 1171 1538 1235 ἀκατάληπτον
1554 1171 1611 1237 ²),
1635 1175 1677 1219 si
1700 1171 1825 1219 illud

323 1281 475 1331 esset,
501 1277 631 1321 sicut
657 1274 793 1321 Zeno
820 1274 1074 1331 definiret,
1100 1274 1205 1322 tale
1231 1278 1393 1322 visum
1420 1274 1542 1338 (iam
1569 1277 1704 1322 enim
1728 1273 1825 1322 hoc

319 1392 410 1440 pro
431 1377 673 1440 φαντασίᾳ
692 1377 901 1424 verbum
918 1380 1039 1424 satis
1054 1376 1294 1424 hesterno
1309 1393 1541 1424 sermone
1555 1376 1824 1438 trivimus),

320 1482 481 1526 visum
503 1482 658 1543 igitur
680 1483 982 1542 impressum
1005 1480 1330 1544 effictumque
1355 1496 1419 1527 ex
1443 1495 1503 1527 eo
1526 1479 1663 1528 unde
1689 1485 1825 1527 esset

321 1581 471 1644 quale
498 1597 607 1629 esse
631 1599 734 1629 non
757 1589 930 1645 posset
956 1598 1019 1629 ex
1046 1598 1106 1630 eo
1131 1582 1267 1630 unde
1292 1599 1394 1629 non
1419 1589 1554 1630 esset
1583 1582 1656 1646 (id
1679 1598 1769 1630 nos
1794 1597 1826 1629 a

318 1683 522 1731 Zenone
546 1684 814 1731 definitum
832 1687 1111 1732 rectissime
1137 1685 1366 1741 dicimus,
1385 1688 1472 1748 qui
1493 1687 1627 1732 enim
1650 1691 1825 1748 potest

322 1786 600 1850 quidquam
626 1785 987 1849 comprehendi
1014 1793 1072 1834 ut
1096 1786 1248 1850 plane
1275 1786 1496 1834 confidas
1522 1793 1824 1850 perceptum

320 1888 372 1935 id
399 1892 763 1952 cognitumque
793 1904 920 1944 esse,
950 1889 1087 1952 quod
1116 1895 1194 1936 est
1221 1888 1326 1936 tale
1355 1889 1505 1952 quale
1532 1888 1614 1936 vel
1639 1888 1824 1937 falsum

323 2005 432 2037 esse
486 1994 646 2053 possit
667 1989 869 2054 ?)—hoc
924 2007 1039 2038 cum
1092 1990 1316 2038 infirmat
1369 1990 1607 2055 tollitque
1661 1990 1823 2048 Philo,

321 2092 560 2140 iudicium
589 2092 724 2139 tollit
752 2095 997 2157 incogniti
1028 2099 1082 2140 et
1111 2096 1302 2157 cogniti
1324 2108 1337 2149 ;
1387 2109 1450 2141 ex
1480 2110 1581 2157 quo
1611 2093 1824 2141 efficitur

322 2193 445 2242 nihil
498 2211 646 2258 posse
701 2195 1203 2259 comprehendi—ita
1256 2196 1549 2259 imprudens
1606 2212 1667 2244 eo
1720 2212 1823 2262 quo

321 2300 529 2344 minime
561 2297 667 2344 volt
697 2297 986 2344 revolvitur.
1056 2297 1227 2356 Quare
1260 2301 1420 2345 omnis
1453 2301 1614 2345 oratio
1647 2304 1824 2346 contra

322 2398 653 2446 Academiam
673 2401 765 2446 ita²
787 2403 1056 2463 suscipitur
1078 2415 1107 2446 a
1128 2400 1270 2447 nobis
1292 2407 1351 2447 ut
1373 2402 1685 2447 retineamus
1709 2416 1822 2451 eam

762 2527 779 2553 ²
810 2530 1068 2576 καταληπτόν
1092 2528 1187 2568 edd.
1210 2527 1431 2569 nonnulli.

879 2581 896 2606 ²
925 2583 987 2622 ita
1007 2582 1195 2622 inseruit
1215 2583 1281 2623 ed.

331 2651 427 2701 490
