1853 3001
869 196 1122 244 CICERO

250 333 432 379 ceteris
457 332 648 377 naturis
673 329 904 375 omnibus
929 327 1203 374 salutarem
1226 329 1438 389 inpertit
1463 334 1518 374 et
1535 325 1740 374 vitalem

171 413 227 456 28
250 406 481 454 calorem.
551 405 628 451 Ex
648 421 746 467 quo
763 402 1094 458 concluditur,
1112 419 1227 449 cum
1244 418 1418 449 omnes
1436 402 1612 449 mundi
1629 418 1733 465 par-

249 490 328 531 tes
357 484 702 529 sustineantur
729 478 910 533 calore,
938 478 1185 524 mundum
1215 480 1368 523 etiam
1398 480 1564 540 ipsum
1592 476 1741 524 simili

248 563 459 624 parique
490 563 673 603 natura
703 557 755 600 in
787 560 935 600 tanta
966 553 1304 600 diuturnitate
1337 555 1542 609 servari,
1576 568 1739 616 eoque

248 637 410 698 magis
462 632 598 696 quod
648 629 877 692 intellegi
929 628 1087 675 debet
1138 627 1358 674 calidum
1409 627 1533 674 illud
1585 634 1741 691 atque

247 714 455 775 igneum
481 711 555 754 ita
580 709 632 752 in
660 707 795 752 omni
822 703 990 750 fusum
1019 718 1127 749 esse
1155 710 1338 749 natura
1365 709 1424 749 ut
1449 705 1503 748 in
1531 719 1591 750 eo
1619 706 1740 750 insit

248 783 543 850 procreandi
569 785 639 828 vis
666 787 719 827 et
743 796 893 826 causa
917 778 1178 842 gignendi,
1207 794 1237 824 a
1261 795 1360 841 quo
1386 785 1439 825 et
1465 781 1742 825 animantia

249 863 418 909 omnia
459 865 513 905 et
556 873 616 903 ea
659 871 871 918 quorum
914 857 1095 915 stirpes
1138 860 1276 899 terra
1317 856 1644 900 continentur
1686 860 1741 901 et

249 940 385 985 nasci
409 938 477 981 sit
499 947 705 979 necesse
731 937 784 977 et
809 944 1097 993 augescere.

171 1021 226 1063 29
313 1011 404 1059 XI.
428 1009 454 1025 “
482 1009 678 1055 Natura
712 1013 789 1052 est
813 1008 988 1068 igitur1
1028 1019 1160 1067 quae
1198 1006 1459 1050 contineat
1495 1004 1741 1051 mundum

249 1102 452 1136 omnem
473 1098 692 1145 eumque
711 1087 936 1135 tueatur,
958 1086 1012 1125 et
1033 1095 1094 1125 ea
1114 1078 1320 1141 quidem
1341 1095 1442 1124 non
1463 1081 1570 1125 sine
1591 1095 1741 1126 sensu

249 1171 406 1226 atque
441 1162 672 1212 ratione3
728 1171 931 1202 omnem
970 1157 1105 1200 enim
1142 1161 1378 1199 naturam
1415 1169 1623 1200 necesse
1661 1161 1741 1202 est

249 1253 380 1302 quae
417 1252 517 1282 non
553 1232 774 1279 solitaria
811 1233 876 1277 sit
912 1245 1079 1292 neque
1117 1228 1331 1291 simplex
1368 1229 1458 1276 sed
1493 1245 1607 1275 cum
1645 1229 1741 1277 alio

248 1318 420 1361 iuncta
450 1317 605 1372 atque
635 1322 829 1353 conexa
856 1304 1047 1351 habere
1079 1303 1299 1367 aliquem
1328 1306 1380 1349 in
1410 1320 1463 1350 se
1492 1307 1740 1367 principa-

247 1397 376 1444 tum,
401 1393 460 1433 ut
482 1388 535 1431 in
558 1383 763 1430 homine
788 1388 1034 1436 mentem,
1058 1382 1110 1426 in
1134 1379 1287 1426 belua
1312 1379 1553 1442 quiddam
1579 1380 1740 1428 simile

246 1466 432 1512 mentis
464 1460 600 1507 unde
633 1461 858 1505 oriantur
884 1472 1052 1502 rerum
1087 1455 1378 1517 adpetitus3
1425 1457 1478 1500 in
1507 1456 1740 1503 arborum

247 1547 422 1587 autem
449 1543 503 1583 et
529 1551 703 1582 earum
728 1548 898 1578 rerum
926 1547 1056 1594 quae
1083 1534 1364 1594 gignuntur
1391 1546 1419 1576 e
1445 1537 1583 1577 terra
1608 1532 1740 1579 radi-

245 1616 385 1662 cibus
401 1616 564 1658 inesse
580 1611 890 1672 principatus
907 1612 1133 1669 putatur.
1203 1605 1547 1667 Principatum
1564 1613 1738 1653 autem

245 1691 297 1737 id
330 1690 439 1735 dico
474 1685 610 1749 quod
643 1684 823 1730 Graeci
857 1679 1143 1743 ἡγεμονικόν
1179 1687 1378 1736 vocant,
1407 1697 1506 1743 quo
1538 1679 1661 1727 nihil
1686 1685 1739 1729 in

246 1779 448 1828 quoque
479 1775 667 1824 genere
698 1774 792 1804 nec
822 1763 994 1819 potest
1024 1772 1118 1801 nec
1149 1756 1306 1802 debet
1337 1770 1446 1801 esse
1476 1763 1738 1817 praestan-

244 1843 375 1893 tius3
423 1840 499 1882 ita
545 1849 750 1881 necesse
791 1839 869 1878 est
905 1831 1027 1878 illud
1065 1833 1220 1877 etiam
1255 1833 1307 1876 in
1344 1846 1443 1893 quo
1479 1832 1545 1877 sit
1579 1834 1736 1878 totius

245 1921 457 1961 naturae
487 1912 797 1973 principatus
828 1922 936 1953 esse
967 1909 1191 1952 omniurn
1216 1908 1465 1968 optimum
1490 1908 1736 1952 omnium-

245 2005 343 2052 que
401 2002 569 2033 rerum
626 1989 886 2046 potestate
945 1982 1310 2043 dominatuque
1369 1980 1734 2043 dignissimum.

165 2073 220 2113 30
244 2065 484 2111 Videmus
512 2067 685 2107 autem
711 2062 763 2104 in
788 2058 1015 2120 partibus
1042 2057 1218 2103 mundi
1245 2054 1389 2119 (nihil
1417 2062 1494 2102 est
1521 2059 1657 2102 enim
1682 2059 1735 2103 in

243 2141 380 2186 omni
427 2136 616 2182 mundo
667 2133 803 2196 quod
851 2148 952 2178 non
1000 2147 1114 2193 pars
1164 2132 1381 2176 universi
1432 2129 1517 2192 sit)
1567 2133 1734 2178 inesse

243 2228 446 2260 sensum
478 2217 632 2272 atque
664 2210 928 2253 rationem.
999 2205 1059 2251 In
1092 2221 1153 2251 ea
1182 2211 1329 2267 parte
1363 2207 1520 2266 igitur
1550 2206 1603 2250 in
1634 2221 1735 2268 qua

673 2337 690 2361 1
719 2338 896 2388 <ignea>
917 2336 1051 2387 igitur
1071 2335 1091 2374 ?
1114 2332 1286 2386 Mayor.

313 2494 332 2513 ‘²
362 2488 525 2539 Mayor
547 2484 691 2525 would
712 2483 821 2523 alter
841 2483 914 2522 the
937 2482 1067 2522 Latin
1089 2485 1135 2521 to
1154 2482 1255 2533 give
1271 2480 1281 2497 ‘
1297 2480 1340 2521 It
1359 2482 1395 2522 is
1421 2480 1638 2522 therefore
1659 2480 1733 2522 the

251 2541 442 2583 clement
462 2543 511 2581 of
527 2540 604 2580 fire
624 2539 721 2578 that
749 2567 761 2579 .
791 2567 804 2579 .
834 2536 861 2579 .’

256 2616 345 2656 150
