1919 3006
992 214 1243 263 CICERO

371 362 661 409 prosperam
689 345 1014 392 adversamve
1040 344 1295 392 fortunam
1321 345 1480 409 qualis
1505 349 1570 393 sis
1595 353 1685 393 aut
1709 363 1860 410 quem

372 414 435 460 ad
458 414 665 460 modum
687 416 869 459 vixeris
892 412 1013 458 nih-ll
1035 416 1249 460 intersit.

295 488 350 528 90
439 489 467 509 ‘⁶
488 489 499 509 ⁶
520 480 633 526 Non
654 480 1068 526 animadvertunt
1087 479 1097 495 '
1123 483 1288 543 inquit
1317 478 1328 496 ⁴
1349 483 1518 526 omnia
1535 480 1604 537 di,
1624 496 1690 528 ne
1713 496 1862 544 reges

373 546 613 610 quidem.'
682 546 817 605 Quid
847 555 924 593 est
950 547 1110 593 simile
1135 548 1152 593 ?
1221 547 1387 611 Reges
1417 550 1552 594 enim
1577 550 1618 594 si
1644 551 1862 595 scientes

367 617 1003 678 praetermittunt,magna
1020 614 1165 676 culpa
1185 622 1287 670 est3
1313 614 1605 662 XXXVIII.
1619 621 1674 662 at
1688 615 1786 662 deo
1796 631 1862 662 ne

375 686 632 729 excusatio
654 682 859 745 quidem
878 690 955 728 est
971 685 1281 728 inscientiae.
1323 681 1491 741 Quem
1506 699 1591 730 vos
1606 682 1864 745 praeclare

374 749 666 805 defenditiS,
684 766 797 796 cum
814 750 978 796 dicitis
996 766 1108 796 eam
1125 753 1224 795 vim
1241 750 1452 796 deorum
1469 765 1578 796 esse
1594 757 1654 796 ut
1669 752 1867 797 etiamsi

376 821 484 880 quis
516 824 681 863 morte
713 833 902 878 poenas
934 816 1133 863 sceleris
1167 816 1402 880 effugerit
1434 824 1744 880 expetantur
1775 832 1868 863 eae

376 900 571 947 poenae
608 900 636 929 a
670 883 839 930 liberis
876 901 906 929 a
940 884 1210 947 nepotibus
1247 901 1276 930 a
1310 887 1539 947 posteris.
1610 884 1655 932 Ο
1689 887 1869 930 miram

377 955 692 1014 aequitatem
736 951 945 997 deorum
971 968 981 997 :
1035 950 1261 998 ferretne
1303 955 1478 998 civitas
1520 951 1622 998 ulla
1653 950 1869 998 latorem

376 1022 518 1065 istius
552 1019 687 1065 modi
722 1018 865 1082 legis,
891 1026 949 1064 ut
975 1019 1400 1066 condemnaretur
1426 1019 1553 1066 filius
1588 1026 1677 1066 aut
1710 1034 1869 1082 nepos

375 1090 414 1134 si
438 1094 586 1149 pater
611 1093 699 1132 aut
725 1102 844 1132 avus
870 1085 1166 1149 deliquisset
1189 1087 1207 1132 ?

496 1217 678 1266 quinam
701 1214 1039 1255 Tantalidarum
1061 1216 1349 1255 internecioni
1370 1214 1529 1256 modus

494 1273 687 1321 paretur,
711 1273 788 1308 aut
810 1282 1031 1320 quaenam
1053 1282 1269 1321 umquam
1292 1268 1349 1308 ob
1373 1273 1559 1310 mortem
1584 1267 1758 1321 Myrtili

494 1325 648 1376 poenis
670 1322 841 1363 luendis
864 1322 1044 1363 dabitur
1064 1325 1198 1363 satias
1220 1322 1443 1375 supplici?

299 1448 351 1489 91
379 1440 565 1487 L'trum
602 1444 791 1502 poetae
829 1438 1020 1486 Stoicos
1059 1440 1383 1503 depravarint
1415 1456 1480 1485 an
1516 1438 1669 1487 Stoici
1704 1442 1872 1503 poetis

379 1508 614 1554 dederint
644 1510 1002 1553 auctoritatem
1032 1524 1132 1553 non
1160 1505 1307 1553 facile
1337 1507 1587 1563 dixerim3
1632 1514 1873 1570 portenta.

380 1579 514 1621 enim
547 1575 610 1621 ab
641 1577 869 1637 utrisque
902 1581 955 1620 et
985 1573 1180 1638 flagitia
1210 1575 1459 1621 dicuntur.
1525 1573 1705 1638 Neque
1737 1577 1872 1621 enim

379 1659 531 1706 quem
551 1641 883 1704 Hipponactis
903 1642 1098 1688 iambus
1117 1640 1335 1688 laeserat
1355 1648 1443 1688 aut
1462 1644 1548 1705 qui
1568 1648 1679 1689 erat
1697 1640 1872 1689 Archi-

380 1708 507 1756 lochi
536 1725 682 1755 versu
710 1708 1014 1764 volneratus,
1041 1725 1069 1754 a
1097 1709 1192 1756 deo
1217 1712 1479 1755 inmissum
1504 1708 1746 1764 dolorem,
1771 1725 1872 1756 non

379 1783 681 1838 conceptum
716 1792 746 1822 a
781 1792 834 1822 se
868 1779 976 1838 ipso
1011 1776 1323 1831 continebat,
1358 1792 1451 1822 nec
1485 1791 1600 1822 curn
1634 1774 1872 1840 Aegisthi

380 1843 639 1890 libidinem
679 1849 768 1890 aut
813 1859 927 1889 cum
972 1842 1163 1890 Paridis
1201 1843 1428 1890 videmus
1471 1859 1501 1889 a
1537 1843 1633 1890 deo
1670 1859 1872 1890 causam

380 1914 697 1974 requirimus,
723 1927 837 1957 cum
872 1910 1049 1972 culpae
1082 1926 1246 1973 paene
1272 1927 1445 1957 vocem
1475 1911 1755 1966 audiamus,
1780 1926 1874 1957 nec

381 1995 476 2042 ego
502 1977 775 2024 multorum
802 1993 1069 2040 aegrorum
1094 1977 1310 2024 salutern
1339 1993 1441 2024 non
1469 1978 1533 2024 ab
1562 1977 1874 2040 Hippocrate

380 2049 547 2108 potius
579 2061 731 2108 quam
763 2045 825 2091 ab
850 2044 1152 2107 Aesculapio
1186 2045 1359 2092 datam
1389 2045 1571 2100 iudico,
1594 2060 1688 2092 nec
1720 2044 1874 2091 Lace-

379 2113 757 2159 daemoniorum
780 2111 1088 2174 disciplinam
1111 2113 1271 2159 dicam
1294 2128 1535 2175 umquam
1556 2112 1620 2159 ab
1639 2110 1874 2174 Apolline

379 2183 546 2242 potius
584 2178 795 2242 Spartae
834 2196 986 2242 quarn
1025 2196 1053 2225 a
1091 2178 1325 2242 Lycurgo
1362 2179 1550 2226 datam.
1622 2177 1870 2226 Critolaus

379 2251 585 2310 inquam
607 2249 790 2293 evertit
810 2245 1125 2302 Corinthum,
1156 2245 1523 2309 Karthaginem
1549 2244 1865 2292 Hasdrubal:

439 2432 458 2451 ⁰
489 2427 556 2476 By
580 2427 743 2473 Attius,
764 2423 985 2477 probably
1005 2425 1122 2464 from
1145 2424 1358 2476 Thyestes.

441 2479 456 2504 ὓ
488 2480 583 2520 X'iz.
607 2481 658 2520 of
673 2479 748 2519 the
769 2478 902 2520 death
925 2480 975 2519 of
992 2479 1319 2530 Agamemnon,
1342 2477 1431 2518 and
1453 2477 1528 2519 the
1547 2476 1626 2517 fall
1647 2478 1697 2518 of
1713 2477 1846 2530 Troy.

443 2540 456 2557 ⁶
486 2533 675 2574 (Et-neral
691 2534 741 2573 of
752 2533 825 2574 the
841 2533 1051 2574 Achaean
1069 2532 1264 2585 League,
1281 2531 1484 2572 defeated
1499 2532 1560 2584 by
1575 2531 1650 2572 the
1671 2531 1869 2573 Romam

379 2591 454 2628 147
480 2602 556 2628 uc.
575 2604 584 2634 3
616 2591 719 2628 next
738 2600 844 2639 year
863 2586 1046 2629 Corinth
1069 2599 1157 2626 was
1176 2585 1312 2626 taken
1333 2585 1422 2626 and
1443 2584 1692 2638 destroyed.

388 2652 480 2699 376
