1919 3006
798 743 1288 794 FRAGMENTA

495 876 571 923 Ex
610 875 771 922 Lumo
806 892 870 922 m:
908 876 1121 922 NATURA
1159 876 1387 922 DEORUM
1422 891 1606 922 TERTIO

376 1001 418 1043 1.
461 994 672 1042 Lactant.
723 994 839 1042 Inst.
883 994 974 1042 div.
1022 993 1073 1042 ii.
1123 1000 1168 1043 3.
1218 1001 1247 1042 2
1295 993 1594 1060 Intellegebat
1648 994 1806 1044 Cicero

295 1059 443 1126 falsa
477 1079 576 1110 esse
616 1079 736 1128 quae
781 1062 985 1110 homines
1031 1062 1291 1110 adorarent.
1361 1061 1491 1110 Nam
1526 1079 1628 1110 cum
1663 1062 1807 1110 multa

310 1129 502 1178 dixisset
521 1147 641 1195 quae
662 1129 724 1176 ad
743 1129 1019 1177 eversionem
1038 1130 1310 1194 religionum
1330 1130 1548 1186 valerent,
1571 1129 1636 1177 ait
1656 1137 1805 1177 tamen

311 1215 413 1245 non
442 1213 552 1245 esse
580 1197 665 1244 illa
693 1197 842 1261 vulgo
872 1198 1195 1260 disputanda,
1224 1214 1288 1244 ne
1317 1205 1576 1261 susceptas
1605 1197 1805 1261 publice

309 1264 578 1329 religiones
603 1266 881 1328 disputatio
905 1265 1020 1311 talis
1046 1268 1355 1329 exstinguat.

375 1339 419 1379 2.
454 1330 524 1379 Ib.
548 1331 597 1378 ii.
623 1337 666 1379 8.
703 1338 760 1379 10
789 1331 946 1380 Cicero
976 1332 1032 1379 de
1059 1339 1228 1379 natura
1257 1331 1443 1379 deorum
1471 1331 1714 1396 disputans
1742 1330 1807 1378 sic

311 1398 412 1445 ait:
450 1399 674 1446 Primum
696 1403 852 1463 igitur
875 1416 976 1446 non
1006 1407 1084 1446 est
1118 1399 1378 1462 probabile
1405 1415 1518 1446 eam
1541 1401 1807 1446 materiam

309 1483 479 1513 rerum
507 1468 642 1514 unde
671 1475 784 1514 orta
811 1474 929 1513 sunt
957 1470 1126 1513 omnia
1155 1483 1263 1514 esse
1293 1468 1462 1514 divina
1487 1467 1808 1530 providentia

312 1533 564 1590 effectam,
605 1535 696 1582 sed
735 1533 925 1581 habere
967 1542 1021 1581 et
1060 1533 1296 1581 habuisse
1336 1537 1437 1581 vim
1478 1541 1533 1581 et
1571 1541 1806 1581 naturam

311 1618 469 1648 suam.
543 1601 617 1649 Ut
653 1604 809 1666 igitur
845 1600 991 1648 faber
1025 1618 1140 1648 cum
1178 1602 1301 1665 quid
1337 1601 1692 1648 aedificaturus
1730 1608 1808 1648 est

311 1684 413 1714 non
431 1672 539 1731 ipse
560 1668 683 1716 facit
706 1672 974 1715 materiam
999 1669 1089 1716 sed
1109 1685 1170 1716 ea
1189 1672 1350 1715 utitur
1373 1685 1505 1732 quae
1523 1672 1590 1716 sit
1611 1675 1808 1732 parata,

312 1736 557 1799 fictorque
603 1739 730 1783 item
783 1752 915 1792 cera,
963 1739 1032 1783 sic
1080 1739 1163 1783 isti
1211 1736 1561 1799 providentiae
1610 1737 1809 1783 divinae

309 1806 577 1850 materiam
594 1809 798 1866 praesto
815 1819 923 1850 esse
940 1807 1164 1866 oportuit
1179 1820 1278 1850 non
1296 1820 1448 1867 quam
1471 1806 1599 1866 ipsa¹
1618 1801 1811 1850 faceret

311 1871 402 1917 sed
434 1887 587 1933 quam
618 1870 834 1918 haberet
865 1878 1114 1933 paratam.
1182 1870 1375 1929 Quodsi
1407 1887 1508 1917 non
1541 1877 1620 1917 est
1651 1887 1681 1916 a
1712 1870 1809 1918 deo

312 1941 528 1984 materia
564 1937 717 1994 facta,
754 1954 819 1985 ne
856 1945 994 1985 terra
1031 1938 1238 2002 quidem
1277 1945 1331 1986 et
1367 1954 1501 2002 aqua
1538 1944 1592 1985 et
1629 1942 1719 1984 aer
1755 1944 1809 1984 et

311 2008 442 2069 ignis
467 2022 496 2051 a
520 2005 616 2052 deo
641 2004 805 2052 factus
831 2012 923 2052 est.

376 2077 420 2119 3.
458 2071 587 2119 Maii
633 2079 733 2119 vett.
778 2072 964 2137 interpr.
1016 2071 1145 2136 Virg.
1184 2089 1234 2135 p.
1283 2077 1342 2119 45
1390 2071 1460 2119 ed.
1505 2071 1637 2118 Med.
1681 2070 1807 2135 apud

317 2138 576 2186 Ciceronem
617 2139 672 2186 de
712 2146 881 2186 natura
926 2139 1112 2187 deorum
1158 2138 1266 2195 LT,
1307 2136 1384 2186 ubi
1428 2138 1486 2186 de
1531 2138 1804 2186 Cleomene

319 2206 728 2254 Lacedaemonio
765 2243 775 2254 .
817 2244 827 2255 .
868 2244 878 2255 .

377 2281 421 2320 4.
456 2273 707 2321 Diomedes
742 2272 773 2319 i.
806 2291 856 2338 p.
892 2278 1000 2321 313.
1043 2279 1101 2320 10
1137 2272 1259 2320 Keil.
1334 2271 1491 2321 Cicero
1526 2271 1583 2320 de
1616 2272 1802 2320 deorum

312 2348 481 2388 natura
503 2341 632 2389 tertio
656 2360 672 2388 .·
714 2340 941 2388 homines
965 2341 1195 2387 omnibus
1217 2341 1392 2387 bestiis
1416 2340 1742 2388 antecedunt.

784 2417 800 2442 ²
831 2419 927 2469 ipsa
947 2417 1044 2458 edd.
1065 2433 1075 2457 ι
1108 2418 1201 2468 ipse
1220 2427 1321 2458 uss.

374 2506 394 2526 ⁸
423 2501 528 2542 This
550 2501 638 2542 and
661 2502 734 2542 the
755 2502 876 2543 three
898 2500 1124 2553 following
1145 2502 1391 2554 fragments
1415 2501 1626 2554 Plasberg
1648 2503 1804 2542 inserts

320 2557 362 2595 in
390 2556 514 2596 Book
539 2557 622 2597 111.
646 2560 665 2604 5
686 2559 756 2598 65.

322 2624 418 2666 384
