<?xml version="1.0" encoding="UTF-8"?>
<!DOCTYPE html PUBLIC "-//W3C//DTD XHTML 1.0 Transitional//EN"
    "http://www.w3.org/TR/xhtml1/DTD/xhtml1-transitional.dtd">
<html xmlns="http://www.w3.org/1999/xhtml" xml:lang="en" lang="en">
 <head>
  <title>
</title>
<meta http-equiv="Content-Type" content="text/html;charset=utf-8" />
  <meta name='ocr-system' content='tesseract 3.04.00' />
  <meta name='ocr-capabilities' content='ocr_page ocr_carea ocr_par ocr_line ocrx_word'/>
</head>
<body>
  <div class='ocr_page' id='page_1' title='image "./denaturadeorumac00ciceuoft_0402.png"; bbox 0 0 1919 3006; ppageno 0'>
   <div class='ocr_carea' id='block_1_1' title="bbox 896 199 1148 248">
    <p class='ocr_par' dir='ltr' id='par_1_1' title="bbox 896 199 1148 248">
     <span class='ocr_line' id='line_1_1' title="bbox 896 199 1148 248; baseline 0 0"><span class='ocrx_word' id='word_1_1' title='bbox 896 199 1148 248; x_wconf 88' lang='lat' dir='ltr'>CICERO</span> 
     </span>
    </p>
   </div>
   <div class='ocr_carea' id='block_1_2' title="bbox 206 329 1774 2239">
    <p class='ocr_par' dir='ltr' id='par_1_2' title="bbox 206 329 1774 2239">
     <span class='ocr_line' id='line_1_2' title="bbox 281 329 1767 387; baseline -0.002 -7"><span class='ocrx_word' id='word_1_2' title='bbox 281 330 292 350; x_wconf 85' lang='lat'>⁸</span> <span class='ocrx_word' id='word_1_3' title='bbox 314 332 561 380; x_wconf 91' lang='lat' dir='ltr'>bonorum</span> <span class='ocrx_word' id='word_1_4' title='bbox 614 330 858 387; x_wconf 88' lang='lat' dir='ltr'>deorum,’</span> <span class='ocrx_word' id='word_1_5' title='bbox 907 334 983 378; x_wconf 91' lang='lat' dir='ltr'>uti</span> <span class='ocrx_word' id='word_1_6' title='bbox 1030 347 1085 379; x_wconf 86' lang='lat' dir='ltr'>se</span> <span class='ocrx_word' id='word_1_7' title='bbox 1135 347 1309 379; x_wconf 92' lang='lat' dir='ltr'>eorum</span> <span class='ocrx_word' id='word_1_8' title='bbox 1356 331 1589 379; x_wconf 88' lang='lat' dir='ltr'>bonitate</span> <span class='ocrx_word' id='word_1_9' title='bbox 1638 329 1767 378; x_wconf 84' lang='lat' dir='ltr'>velle</span> 
     </span>
     <span class='ocr_line' id='line_1_3' title="bbox 276 403 1768 467; baseline -0.002 -14"><span class='ocrx_word' id='word_1_10' title='bbox 276 407 493 454; x_wconf 80' lang='lat' dir='ltr'>dicebat.</span> <span class='ocrx_word' id='word_1_11' title='bbox 564 405 708 453; x_wconf 84' lang='lat' dir='ltr'>Idem</span> <span class='ocrx_word' id='word_1_12' title='bbox 727 403 1023 452; x_wconf 76' lang='lat' dir='ltr'>Victoriolas</span> <span class='ocrx_word' id='word_1_13' title='bbox 1045 421 1221 451; x_wconf 89' lang='lat' dir='ltr'>aureas</span> <span class='ocrx_word' id='word_1_14' title='bbox 1244 411 1297 452; x_wconf 88' lang='lat' dir='ltr'>et</span> <span class='ocrx_word' id='word_1_15' title='bbox 1315 411 1519 467; x_wconf 88' lang='lat' dir='ltr'>pateras</span> <span class='ocrx_word' id='word_1_16' title='bbox 1539 420 1768 452; x_wconf 87' lang='lat' dir='ltr'>coronas-</span> 
     </span>
     <span class='ocr_line' id='line_1_4' title="bbox 276 477 1769 543; baseline -0.002 -17"><span class='ocrx_word' id='word_1_17' title='bbox 276 497 374 543; x_wconf 91' lang='lat' dir='ltr'>que</span> <span class='ocrx_word' id='word_1_18' title='bbox 411 495 542 543; x_wconf 90' lang='lat' dir='ltr'>quae</span> <span class='ocrx_word' id='word_1_19' title='bbox 585 477 962 525; x_wconf 84' lang='lat' dir='ltr'>simulacrorum</span> <span class='ocrx_word' id='word_1_20' title='bbox 1002 480 1244 540; x_wconf 76' lang='lat' dir='ltr'>porrectis</span> <span class='ocrx_word' id='word_1_21' title='bbox 1286 477 1518 524; x_wconf 86' lang='lat' dir='ltr'>manibus</span> <span class='ocrx_word' id='word_1_22' title='bbox 1554 480 1769 524; x_wconf 90' lang='lat' dir='ltr'>sustine-</span> 
     </span>
     <span class='ocr_line' id='line_1_5' title="bbox 277 551 1768 615; baseline -0.002 -14"><span class='ocrx_word' id='word_1_23' title='bbox 277 555 464 601; x_wconf 78' lang='lat' dir='ltr'>bantur</span> <span class='ocrx_word' id='word_1_24' title='bbox 499 555 606 599; x_wconf 91' lang='lat' dir='ltr'>sine</span> <span class='ocrx_word' id='word_1_25' title='bbox 641 553 961 599; x_wconf 79' lang='lat' dir='ltr'>dubitatione</span> <span class='ocrx_word' id='word_1_26' title='bbox 990 551 1222 608; x_wconf 89' lang='lat' dir='ltr'>tollebat,</span> <span class='ocrx_word' id='word_1_27' title='bbox 1261 568 1423 615; x_wconf 88' lang='lat' dir='ltr'>eaque</span> <span class='ocrx_word' id='word_1_28' title='bbox 1455 568 1510 599; x_wconf 89' lang='lat' dir='ltr'>se</span> <span class='ocrx_word' id='word_1_29' title='bbox 1541 555 1768 614; x_wconf 88' lang='lat' dir='ltr'>accipere</span> 
     </span>
     <span class='ocr_line' id='line_1_6' title="bbox 277 625 1770 689; baseline -0.001 -15"><span class='ocrx_word' id='word_1_30' title='bbox 277 645 379 675; x_wconf 92' lang='lat' dir='ltr'>non</span> <span class='ocrx_word' id='word_1_31' title='bbox 413 627 612 674; x_wconf 86' lang='lat' dir='ltr'>auferre</span> <span class='ocrx_word' id='word_1_32' title='bbox 647 627 868 682; x_wconf 87' lang='lat' dir='ltr'>dicebat,</span> <span class='ocrx_word' id='word_1_33' title='bbox 904 643 1013 673; x_wconf 89' lang='lat' dir='ltr'>esse</span> <span class='ocrx_word' id='word_1_34' title='bbox 1050 629 1184 674; x_wconf 90' lang='lat' dir='ltr'>enim</span> <span class='ocrx_word' id='word_1_35' title='bbox 1218 625 1490 673; x_wconf 75' lang='lat' dir='ltr'>stultitiam</span> <span class='ocrx_word' id='word_1_36' title='bbox 1525 642 1555 672; x_wconf 88' lang='lat' dir='ltr'>a</span> <span class='ocrx_word' id='word_1_37' title='bbox 1588 626 1770 689; x_wconf 91' lang='lat' dir='ltr'>quibus</span> 
     </span>
     <span class='ocr_line' id='line_1_7' title="bbox 277 699 1770 763; baseline -0.002 -15"><span class='ocrx_word' id='word_1_38' title='bbox 277 702 412 748; x_wconf 90' lang='lat' dir='ltr'>bona</span> <span class='ocrx_word' id='word_1_39' title='bbox 451 716 773 763; x_wconf 87' lang='lat' dir='ltr'>precaremur</span> <span class='ocrx_word' id='word_1_40' title='bbox 815 700 878 746; x_wconf 91' lang='lat' dir='ltr'>ab</span> <span class='ocrx_word' id='word_1_41' title='bbox 919 702 977 746; x_wconf 91' lang='lat' dir='ltr'>iis</span> <span class='ocrx_word' id='word_1_42' title='bbox 1019 700 1393 763; x_wconf 84' lang='lat' dir='ltr'>porrigentibus</span> <span class='ocrx_word' id='word_1_43' title='bbox 1436 706 1491 746; x_wconf 87' lang='lat' dir='ltr'>et</span> <span class='ocrx_word' id='word_1_44' title='bbox 1531 699 1770 746; x_wconf 90' lang='lat' dir='ltr'>dantibus</span> 
     </span>
     <span class='ocr_line' id='line_1_8' title="bbox 278 771 1772 835; baseline -0.001 -15"><span class='ocrx_word' id='word_1_45' title='bbox 278 773 409 820; x_wconf 88' lang='lat' dir='ltr'>nolle</span> <span class='ocrx_word' id='word_1_46' title='bbox 428 789 642 820; x_wconf 89' lang='lat' dir='ltr'>sumere.</span> <span class='ocrx_word' id='word_1_47' title='bbox 695 772 1032 835; x_wconf 88' lang='lat' dir='ltr'>Eundemque</span> <span class='ocrx_word' id='word_1_48' title='bbox 1050 771 1223 819; x_wconf 84' lang='lat' dir='ltr'>ferunt</span> <span class='ocrx_word' id='word_1_49' title='bbox 1239 771 1367 819; x_wconf 90' lang='lat' dir='ltr'>haec</span> <span class='ocrx_word' id='word_1_50' title='bbox 1385 788 1516 835; x_wconf 89' lang='lat' dir='ltr'>quae</span> <span class='ocrx_word' id='word_1_51' title='bbox 1535 772 1635 819; x_wconf 82' lang='lat' dir='ltr'>dixi</span> <span class='ocrx_word' id='word_1_52' title='bbox 1655 771 1772 819; x_wconf 89' lang='lat' dir='ltr'>sub-</span> 
     </span>
     <span class='ocr_line' id='line_1_9' title="bbox 278 843 1771 907; baseline -0.003 -14"><span class='ocrx_word' id='word_1_53' title='bbox 278 847 384 894; x_wconf 90' lang='lat' dir='ltr'>lata</span> <span class='ocrx_word' id='word_1_54' title='bbox 416 846 479 894; x_wconf 92' lang='lat' dir='ltr'>de</span> <span class='ocrx_word' id='word_1_55' title='bbox 513 844 641 892; x_wconf 89' lang='lat' dir='ltr'>fanis</span> <span class='ocrx_word' id='word_1_56' title='bbox 674 848 726 891; x_wconf 90' lang='lat' dir='ltr'>in</span> <span class='ocrx_word' id='word_1_57' title='bbox 758 843 923 891; x_wconf 89' lang='lat' dir='ltr'>forum</span> <span class='ocrx_word' id='word_1_58' title='bbox 955 845 1223 907; x_wconf 86' lang='lat' dir='ltr'>protulisse</span> <span class='ocrx_word' id='word_1_59' title='bbox 1258 852 1312 891; x_wconf 88' lang='lat' dir='ltr'>et</span> <span class='ocrx_word' id='word_1_60' title='bbox 1344 861 1435 907; x_wconf 90' lang='lat' dir='ltr'>per</span> <span class='ocrx_word' id='word_1_61' title='bbox 1466 861 1771 907; x_wconf 86' lang='lat' dir='ltr'>praeconem</span> 
     </span>
     <span class='ocr_line' id='line_1_10' title="bbox 277 919 1772 982; baseline -0.001 -14"><span class='ocrx_word' id='word_1_62' title='bbox 277 920 578 976; x_wconf 82' lang='lat' dir='ltr'>vendidisse,</span> <span class='ocrx_word' id='word_1_63' title='bbox 606 926 889 982; x_wconf 82' lang='lat' dir='ltr'>exactaque</span> <span class='ocrx_word' id='word_1_64' title='bbox 914 923 1129 982; x_wconf 91' lang='lat' dir='ltr'>pecunia</span> <span class='ocrx_word' id='word_1_65' title='bbox 1155 919 1371 966; x_wconf 83' lang='lat' dir='ltr'>edixisse</span> <span class='ocrx_word' id='word_1_66' title='bbox 1395 925 1455 966; x_wconf 87' lang='lat' dir='ltr'>ut</span> <span class='ocrx_word' id='word_1_67' title='bbox 1479 919 1615 982; x_wconf 92' lang='lat' dir='ltr'>quod</span> <span class='ocrx_word' id='word_1_68' title='bbox 1639 921 1772 982; x_wconf 88' lang='lat' dir='ltr'>quis-</span> 
     </span>
     <span class='ocr_line' id='line_1_11' title="bbox 281 992 1771 1058; baseline -0.002 -16"><span class='ocrx_word' id='word_1_69' title='bbox 281 1012 380 1058; x_wconf 91' lang='lat' dir='ltr'>que</span> <span class='ocrx_word' id='word_1_70' title='bbox 412 1011 442 1040; x_wconf 88' lang='lat' dir='ltr'>a</span> <span class='ocrx_word' id='word_1_71' title='bbox 471 996 642 1041; x_wconf 83' lang='lat' dir='ltr'>sacris1</span> <span class='ocrx_word' id='word_1_72' title='bbox 673 992 888 1040; x_wconf 86' lang='lat' dir='ltr'>haberet</span> <span class='ocrx_word' id='word_1_73' title='bbox 917 994 970 1040; x_wconf 92' lang='lat' dir='ltr'>id</span> <span class='ocrx_word' id='word_1_74' title='bbox 1001 1001 1121 1040; x_wconf 90' lang='lat' dir='ltr'>ante</span> <span class='ocrx_word' id='word_1_75' title='bbox 1153 994 1289 1040; x_wconf 92' lang='lat' dir='ltr'>diem</span> <span class='ocrx_word' id='word_1_76' title='bbox 1320 1000 1514 1040; x_wconf 90' lang='lat' dir='ltr'>certam</span> <span class='ocrx_word' id='word_1_77' title='bbox 1542 996 1595 1039; x_wconf 92' lang='lat' dir='ltr'>in</span> <span class='ocrx_word' id='word_1_78' title='bbox 1624 1008 1771 1040; x_wconf 89' lang='lat' dir='ltr'>suum</span> 
     </span>
     <span class='ocr_line' id='line_1_12' title="bbox 279 1065 1771 1131; baseline -0.002 -16"><span class='ocrx_word' id='word_1_79' title='bbox 279 1068 502 1131; x_wconf 90' lang='lat' dir='ltr'>quidque</span> <span class='ocrx_word' id='word_1_80' title='bbox 528 1066 704 1113; x_wconf 88' lang='lat' dir='ltr'>fanum</span> <span class='ocrx_word' id='word_1_81' title='bbox 729 1065 976 1122; x_wconf 81' lang='lat' dir='ltr'>referret3</span> <span class='ocrx_word' id='word_1_82' title='bbox 1023 1069 1097 1113; x_wconf 88' lang='lat' dir='ltr'>ita</span> <span class='ocrx_word' id='word_1_83' title='bbox 1122 1067 1188 1114; x_wconf 89' lang='lat' dir='ltr'>ad</span> <span class='ocrx_word' id='word_1_84' title='bbox 1221 1069 1544 1128; x_wconf 85' lang='lat' dir='ltr'>impietatem</span> <span class='ocrx_word' id='word_1_85' title='bbox 1571 1069 1624 1112; x_wconf 92' lang='lat' dir='ltr'>in</span> <span class='ocrx_word' id='word_1_86' title='bbox 1649 1066 1771 1114; x_wconf 89' lang='lat' dir='ltr'>deos</span> 
     </span>
     <span class='ocr_line' id='line_1_13' title="bbox 279 1139 1771 1204; baseline -0.002 -15"><span class='ocrx_word' id='word_1_87' title='bbox 279 1147 330 1189; x_wconf 92' lang='lat' dir='ltr'>in</span> <span class='ocrx_word' id='word_1_88' title='bbox 359 1141 588 1188; x_wconf 84' lang='lat' dir='ltr'>homines</span> <span class='ocrx_word' id='word_1_89' title='bbox 615 1141 847 1188; x_wconf 81' lang='lat' dir='ltr'>adiunxit</span> <span class='ocrx_word' id='word_1_90' title='bbox 875 1143 1124 1187; x_wconf 89' lang='lat' dir='ltr'>iniuriam.</span> <span class='ocrx_word' id='word_1_91' title='bbox 1194 1139 1402 1186; x_wconf 87' lang='lat' dir='ltr'>XXXV.</span> <span class='ocrx_word' id='word_1_92' title='bbox 1436 1140 1586 1186; x_wconf 89' lang='lat' dir='ltr'>Hunc</span> <span class='ocrx_word' id='word_1_93' title='bbox 1614 1143 1771 1204; x_wconf 85' lang='lat' dir='ltr'>igitur</span> 
     </span>
     <span class='ocr_line' id='line_1_14' title="bbox 280 1213 1772 1280; baseline -0.002 -17"><span class='ocrx_word' id='word_1_94' title='bbox 280 1233 374 1263; x_wconf 91' lang='lat' dir='ltr'>nec</span> <span class='ocrx_word' id='word_1_95' title='bbox 401 1215 666 1280; x_wconf 89' lang='lat' dir='ltr'>Olympius</span> <span class='ocrx_word' id='word_1_96' title='bbox 696 1215 928 1277; x_wconf 90' lang='lat' dir='ltr'>Iuppiter</span> <span class='ocrx_word' id='word_1_97' title='bbox 955 1213 1166 1261; x_wconf 88' lang='lat' dir='ltr'>fulmine</span> <span class='ocrx_word' id='word_1_98' title='bbox 1194 1217 1441 1277; x_wconf 89' lang='lat' dir='ltr'>percussit</span> <span class='ocrx_word' id='word_1_99' title='bbox 1468 1230 1563 1261; x_wconf 91' lang='lat' dir='ltr'>nec</span> <span class='ocrx_word' id='word_1_100' title='bbox 1582 1213 1772 1260; x_wconf 87' lang='lat' dir='ltr'>Aescu-</span> 
     </span>
     <span class='ocr_line' id='line_1_15' title="bbox 280 1288 1773 1352; baseline -0.001 -16"><span class='ocrx_word' id='word_1_101' title='bbox 280 1289 441 1352; x_wconf 90' lang='lat' dir='ltr'>lapius</span> <span class='ocrx_word' id='word_1_102' title='bbox 466 1291 649 1334; x_wconf 86' lang='lat' dir='ltr'>misero</span> <span class='ocrx_word' id='word_1_103' title='bbox 675 1288 1018 1351; x_wconf 88' lang='lat' dir='ltr'>diuturnoque</span> <span class='ocrx_word' id='word_1_104' title='bbox 1043 1288 1218 1334; x_wconf 89' lang='lat' dir='ltr'>morbo</span> <span class='ocrx_word' id='word_1_105' title='bbox 1244 1288 1597 1334; x_wconf 86' lang='lat' dir='ltr'>tabescentem</span> <span class='ocrx_word' id='word_1_106' title='bbox 1616 1290 1773 1334; x_wconf 90' lang='lat' dir='ltr'>inter-</span> 
     </span>
     <span class='ocr_line' id='line_1_16' title="bbox 282 1361 1772 1427; baseline -0.002 -16"><span class='ocrx_word' id='word_1_107' title='bbox 282 1368 423 1420; x_wconf 81' lang='lat' dir='ltr'>emit,</span> <span class='ocrx_word' id='word_1_108' title='bbox 454 1370 609 1427; x_wconf 90' lang='lat' dir='ltr'>atque</span> <span class='ocrx_word' id='word_1_109' title='bbox 633 1366 686 1409; x_wconf 91' lang='lat' dir='ltr'>in</span> <span class='ocrx_word' id='word_1_110' title='bbox 715 1380 804 1409; x_wconf 91' lang='lat' dir='ltr'>suo</span> <span class='ocrx_word' id='word_1_111' title='bbox 841 1362 1027 1410; x_wconf 91' lang='lat' dir='ltr'>lectulo</span> <span class='ocrx_word' id='word_1_112' title='bbox 1061 1370 1289 1410; x_wconf 88' lang='lat' dir='ltr'>mortuus</span> <span class='ocrx_word' id='word_1_113' title='bbox 1322 1366 1374 1409; x_wconf 91' lang='lat' dir='ltr'>in</span> <span class='ocrx_word' id='word_1_114' title='bbox 1404 1364 1438 1424; x_wconf 92' lang='lat'>†</span> <span class='ocrx_word' id='word_1_115' title='bbox 1466 1361 1772 1427; x_wconf 76' lang='lat' dir='ltr'>tyrannidis²</span> 
     </span>
     <span class='ocr_line' id='line_1_17' title="bbox 280 1436 1774 1502; baseline -0.001 -17"><span class='ocrx_word' id='word_1_116' title='bbox 280 1454 458 1502; x_wconf 85' lang='lat' dir='ltr'>rogum</span> <span class='ocrx_word' id='word_1_117' title='bbox 525 1436 710 1483; x_wconf 90' lang='lat' dir='ltr'>inlatus</span> <span class='ocrx_word' id='word_1_118' title='bbox 788 1443 883 1492; x_wconf 88' lang='lat' dir='ltr'>est,</span> <span class='ocrx_word' id='word_1_119' title='bbox 951 1453 1166 1500; x_wconf 91' lang='lat' dir='ltr'>eamque</span> <span class='ocrx_word' id='word_1_120' title='bbox 1241 1443 1555 1499; x_wconf 88' lang='lat' dir='ltr'>potestatem</span> <span class='ocrx_word' id='word_1_121' title='bbox 1621 1452 1774 1500; x_wconf 89' lang='lat' dir='ltr'>quam</span> 
     </span>
     <span class='ocr_line' id='line_1_18' title="bbox 284 1509 1774 1575; baseline -0.001 -17"><span class='ocrx_word' id='word_1_122' title='bbox 284 1516 392 1575; x_wconf 90' lang='lat' dir='ltr'>ipse</span> <span class='ocrx_word' id='word_1_123' title='bbox 427 1527 519 1574; x_wconf 87' lang='lat' dir='ltr'>per</span> <span class='ocrx_word' id='word_1_124' title='bbox 554 1510 714 1557; x_wconf 91' lang='lat' dir='ltr'>scelus</span> <span class='ocrx_word' id='word_1_125' title='bbox 750 1517 861 1557; x_wconf 90' lang='lat' dir='ltr'>erat</span> <span class='ocrx_word' id='word_1_126' title='bbox 889 1518 1103 1557; x_wconf 89' lang='lat' dir='ltr'>nanctus</span> <span class='ocrx_word' id='word_1_127' title='bbox 1135 1514 1277 1573; x_wconf 90' lang='lat' dir='ltr'>quasi</span> <span class='ocrx_word' id='word_1_128' title='bbox 1307 1514 1493 1557; x_wconf 88' lang='lat' dir='ltr'>iustam</span> <span class='ocrx_word' id='word_1_129' title='bbox 1525 1517 1579 1557; x_wconf 88' lang='lat' dir='ltr'>et</span> <span class='ocrx_word' id='word_1_130' title='bbox 1607 1509 1774 1573; x_wconf 81' lang='lat' dir='ltr'>legiti-</span> 
     </span>
     <span class='ocr_line' id='line_1_19' title="bbox 206 1582 1773 1633; baseline -0.002 0"><span class='ocrx_word' id='word_1_131' title='bbox 206 1590 264 1633; x_wconf 87' lang='lat'>85</span> <span class='ocrx_word' id='word_1_132' title='bbox 285 1601 421 1631; x_wconf 88' lang='lat' dir='ltr'>mam</span> <span class='ocrx_word' id='word_1_133' title='bbox 463 1583 763 1630; x_wconf 89' lang='lat' dir='ltr'>hereditatis</span> <span class='ocrx_word' id='word_1_134' title='bbox 796 1583 905 1630; x_wconf 94' lang='lat' dir='ltr'>loco</span> <span class='ocrx_word' id='word_1_135' title='bbox 948 1582 1048 1630; x_wconf 88' lang='lat' dir='ltr'>filio</span> <span class='ocrx_word' id='word_1_136' title='bbox 1084 1584 1310 1631; x_wconf 89' lang='lat' dir='ltr'>tradidit.</span> <span class='ocrx_word' id='word_1_137' title='bbox 1387 1583 1553 1630; x_wconf 90' lang='lat' dir='ltr'>Invita</span> <span class='ocrx_word' id='word_1_138' title='bbox 1594 1586 1645 1629; x_wconf 93' lang='lat' dir='ltr'>in</span> <span class='ocrx_word' id='word_1_139' title='bbox 1677 1582 1773 1630; x_wconf 90' lang='lat' dir='ltr'>hoc</span> 
     </span>
     <span class='ocr_line' id='line_1_20' title="bbox 277 1656 1773 1712; baseline -0.002 -7"><span class='ocrx_word' id='word_1_140' title='bbox 277 1658 385 1705; x_wconf 91' lang='lat' dir='ltr'>loco</span> <span class='ocrx_word' id='word_1_141' title='bbox 411 1664 639 1704; x_wconf 86' lang='lat' dir='ltr'>versatur</span> <span class='ocrx_word' id='word_1_142' title='bbox 664 1660 844 1712; x_wconf 90' lang='lat' dir='ltr'>oratio,</span> <span class='ocrx_word' id='word_1_143' title='bbox 877 1656 1079 1703; x_wconf 90' lang='lat' dir='ltr'>videtur</span> <span class='ocrx_word' id='word_1_144' title='bbox 1116 1660 1252 1703; x_wconf 89' lang='lat' dir='ltr'>enim</span> <span class='ocrx_word' id='word_1_145' title='bbox 1288 1659 1648 1704; x_wconf 87' lang='lat' dir='ltr'>auctoritatem</span> <span class='ocrx_word' id='word_1_146' title='bbox 1685 1656 1773 1703; x_wconf 90' lang='lat' dir='ltr'>ad-</span> 
     </span>
     <span class='ocr_line' id='line_1_21' title="bbox 277 1732 1774 1795; baseline -0.001 -15"><span class='ocrx_word' id='word_1_147' title='bbox 277 1733 409 1780; x_wconf 84' lang='lat' dir='ltr'>ferre</span> <span class='ocrx_word' id='word_1_148' title='bbox 451 1732 729 1795; x_wconf 89' lang='lat' dir='ltr'>peccandi:</span> <span class='ocrx_word' id='word_1_149' title='bbox 771 1739 912 1778; x_wconf 89' lang='lat' dir='ltr'>recte</span> <span class='ocrx_word' id='word_1_150' title='bbox 949 1732 1222 1788; x_wconf 85' lang='lat' dir='ltr'>videretur,</span> <span class='ocrx_word' id='word_1_151' title='bbox 1258 1735 1353 1779; x_wconf 87' lang='lat' dir='ltr'>nisi</span> <span class='ocrx_word' id='word_1_152' title='bbox 1390 1739 1444 1779; x_wconf 88' lang='lat' dir='ltr'>et</span> <span class='ocrx_word' id='word_1_153' title='bbox 1481 1735 1679 1779; x_wconf 89' lang='lat' dir='ltr'>virtutis</span> <span class='ocrx_word' id='word_1_154' title='bbox 1719 1737 1774 1779; x_wconf 77' lang='lat' dir='ltr'>et</span> 
     </span>
     <span class='ocr_line' id='line_1_22' title="bbox 282 1805 1774 1870; baseline -0.002 -16"><span class='ocrx_word' id='word_1_155' title='bbox 282 1811 517 1854; x_wconf 88' lang='lat' dir='ltr'>vitiorum</span> <span class='ocrx_word' id='word_1_156' title='bbox 550 1810 656 1853; x_wconf 89' lang='lat' dir='ltr'>sine</span> <span class='ocrx_word' id='word_1_157' title='bbox 691 1805 791 1852; x_wconf 88' lang='lat' dir='ltr'>ulla</span> <span class='ocrx_word' id='word_1_158' title='bbox 830 1806 997 1853; x_wconf 84' lang='lat' dir='ltr'>divina</span> <span class='ocrx_word' id='word_1_159' title='bbox 1035 1809 1232 1853; x_wconf 88' lang='lat' dir='ltr'>ratione</span> <span class='ocrx_word' id='word_1_160' title='bbox 1279 1822 1433 1870; x_wconf 87' lang='lat' dir='ltr'>grave</span> <span class='ocrx_word' id='word_1_161' title='bbox 1471 1808 1625 1868; x_wconf 91' lang='lat' dir='ltr'>ipsius</span> <span class='ocrx_word' id='word_1_162' title='bbox 1658 1822 1774 1852; x_wconf 89' lang='lat' dir='ltr'>con-</span> 
     </span>
     <span class='ocr_line' id='line_1_23' title="bbox 282 1878 1774 1943; baseline -0.003 -14"><span class='ocrx_word' id='word_1_163' title='bbox 282 1885 524 1929; x_wconf 88' lang='lat' dir='ltr'>scientiae</span> <span class='ocrx_word' id='word_1_164' title='bbox 549 1880 745 1943; x_wconf 90' lang='lat' dir='ltr'>pondus</span> <span class='ocrx_word' id='word_1_165' title='bbox 773 1887 922 1926; x_wconf 90' lang='lat' dir='ltr'>esset.</span> <span class='ocrx_word' id='word_1_166' title='bbox 999 1878 1113 1938; x_wconf 80' lang='lat' dir='ltr'>Qua</span> <span class='ocrx_word' id='word_1_167' title='bbox 1145 1879 1345 1927; x_wconf 90' lang='lat' dir='ltr'>sublata</span> <span class='ocrx_word' id='word_1_168' title='bbox 1369 1883 1538 1926; x_wconf 89' lang='lat' dir='ltr'>iacent</span> <span class='ocrx_word' id='word_1_169' title='bbox 1574 1882 1774 1936; x_wconf 83' lang='lat' dir='ltr'>omnia;</span> 
     </span>
     <span class='ocr_line' id='line_1_24' title="bbox 281 1953 1769 2017; baseline -0.003 -13"><span class='ocrx_word' id='word_1_170' title='bbox 281 1964 339 2004; x_wconf 93' lang='lat' dir='ltr'>ut</span> <span class='ocrx_word' id='word_1_171' title='bbox 365 1960 498 2003; x_wconf 91' lang='lat' dir='ltr'>enim</span> <span class='ocrx_word' id='word_1_172' title='bbox 524 1971 617 2001; x_wconf 90' lang='lat' dir='ltr'>nec</span> <span class='ocrx_word' id='word_1_173' title='bbox 643 1955 820 2001; x_wconf 89' lang='lat' dir='ltr'>domus</span> <span class='ocrx_word' id='word_1_174' title='bbox 853 1970 947 2001; x_wconf 88' lang='lat' dir='ltr'>nec</span> <span class='ocrx_word' id='word_1_175' title='bbox 978 1970 1056 2000; x_wconf 87' lang='lat' dir='ltr'>res</span> <span class='ocrx_word' id='word_1_176' title='bbox 1089 1953 1291 2016; x_wconf 87' lang='lat' dir='ltr'>publica</span> <span class='ocrx_word' id='word_1_177' title='bbox 1325 1957 1522 2000; x_wconf 90' lang='lat' dir='ltr'>ratione</span> <span class='ocrx_word' id='word_1_178' title='bbox 1552 1953 1769 2017; x_wconf 89' lang='lat' dir='ltr'>quadarn</span> 
     </span>
     <span class='ocr_line' id='line_1_25' title="bbox 281 2027 1774 2090; baseline -0.003 -13"><span class='ocrx_word' id='word_1_179' title='bbox 281 2037 335 2077; x_wconf 90' lang='lat' dir='ltr'>et</span> <span class='ocrx_word' id='word_1_180' title='bbox 359 2027 618 2090; x_wconf 88' lang='lat' dir='ltr'>disciplina</span> <span class='ocrx_word' id='word_1_181' title='bbox 656 2028 933 2090; x_wconf 82' lang='lat' dir='ltr'>dissignata</span> <span class='ocrx_word' id='word_1_182' title='bbox 969 2027 1201 2074; x_wconf 86' lang='lat' dir='ltr'>videatur</span> <span class='ocrx_word' id='word_1_183' title='bbox 1235 2029 1275 2073; x_wconf 89' lang='lat' dir='ltr'>si</span> <span class='ocrx_word' id='word_1_184' title='bbox 1311 2029 1362 2073; x_wconf 92' lang='lat' dir='ltr'>in</span> <span class='ocrx_word' id='word_1_185' title='bbox 1400 2043 1461 2073; x_wconf 88' lang='lat' dir='ltr'>ea</span> <span class='ocrx_word' id='word_1_186' title='bbox 1495 2042 1589 2073; x_wconf 89' lang='lat' dir='ltr'>nec</span> <span class='ocrx_word' id='word_1_187' title='bbox 1633 2033 1774 2073; x_wconf 89' lang='lat' dir='ltr'>recte</span> 
     </span>
     <span class='ocr_line' id='line_1_26' title="bbox 281 2099 1772 2165; baseline -0.001 -16"><span class='ocrx_word' id='word_1_188' title='bbox 281 2104 426 2149; x_wconf 89' lang='lat' dir='ltr'>factis</span> <span class='ocrx_word' id='word_1_189' title='bbox 462 2104 687 2165; x_wconf 90' lang='lat' dir='ltr'>praemia</span> <span class='ocrx_word' id='word_1_190' title='bbox 731 2107 910 2147; x_wconf 85' lang='lat' dir='ltr'>extent</span> <span class='ocrx_word' id='word_1_191' title='bbox 958 2100 1057 2146; x_wconf 88' lang='lat' dir='ltr'>ulla</span> <span class='ocrx_word' id='word_1_192' title='bbox 1104 2116 1197 2146; x_wconf 92' lang='lat' dir='ltr'>nec</span> <span class='ocrx_word' id='word_1_193' title='bbox 1244 2099 1487 2162; x_wconf 88' lang='lat' dir='ltr'>supplicia</span> <span class='ocrx_word' id='word_1_194' title='bbox 1531 2103 1772 2162; x_wconf 87' lang='lat' dir='ltr'>peccatis,</span> 
     </span>
     <span class='ocr_line' id='line_1_27' title="bbox 280 2172 1770 2239; baseline -0.002 -14"><span class='ocrx_word' id='word_1_195' title='bbox 280 2181 349 2226; x_wconf 90' lang='lat' dir='ltr'>sic</span> <span class='ocrx_word' id='word_1_196' title='bbox 386 2177 561 2223; x_wconf 87' lang='lat' dir='ltr'>mundi</span> <span class='ocrx_word' id='word_1_197' title='bbox 600 2176 768 2222; x_wconf 88' lang='lat' dir='ltr'>divina</span> <span class='ocrx_word' id='word_1_198' title='bbox 812 2174 883 2238; x_wconf 93' lang='lat' dir='ltr'>[in</span> <span class='ocrx_word' id='word_1_199' title='bbox 918 2173 1188 2239; x_wconf 80' lang='lat' dir='ltr'>homines]³</span> <span class='ocrx_word' id='word_1_200' title='bbox 1224 2174 1506 2221; x_wconf 87' lang='lat' dir='ltr'>moderatio</span> <span class='ocrx_word' id='word_1_201' title='bbox 1541 2172 1770 2236; x_wconf 88' lang='lat' dir='ltr'>profecto</span> 
     </span>
    </p>
   </div>
   <div class='ocr_carea' id='block_1_3' title="bbox 349 2283 1711 2393">
    <p class='ocr_par' dir='ltr' id='par_1_3' title="bbox 349 2283 1711 2393">
     <span class='ocr_line' id='line_1_28' title="bbox 761 2283 1239 2325; baseline -0.002 0"><span class='ocrx_word' id='word_1_202' title='bbox 761 2284 778 2309; x_wconf 84' lang='lat'>¹</span> <span class='ocrx_word' id='word_1_203' title='bbox 808 2298 836 2324; x_wconf 87' lang='lat' dir='ltr'>a</span> <span class='ocrx_word' id='word_1_204' title='bbox 857 2286 990 2325; x_wconf 84' lang='lat' dir='ltr'>sacris</span> <span class='ocrx_word' id='word_1_205' title='bbox 1010 2301 1020 2324; x_wconf 72' lang='grc' dir='ltr'><strong><em>ε</em></strong></span> <span class='ocrx_word' id='word_1_206' title='bbox 1054 2285 1165 2324; x_wconf 90' lang='lat' dir='ltr'>sacri</span> <span class='ocrx_word' id='word_1_207' title='bbox 1186 2283 1239 2324; x_wconf 91' lang='lat' dir='ltr'>B.</span> 
     </span>
     <span class='ocr_line' id='line_1_29' title="bbox 349 2336 1711 2393; baseline 0 -13"><span class='ocrx_word' id='word_1_208' title='bbox 349 2341 366 2366; x_wconf 76' lang='lat'>²</span> <span class='ocrx_word' id='word_1_209' title='bbox 388 2341 566 2393; x_wconf 84' lang='lat' dir='ltr'>tyranni</span> <span class='ocrx_word' id='word_1_210' title='bbox 587 2338 655 2380; x_wconf 85' lang='lat' dir='ltr'>dis</span> <span class='ocrx_word' id='word_1_211' title='bbox 676 2338 739 2379; x_wconf 85' lang='lat' dir='ltr'>B:</span> <span class='ocrx_word' id='word_1_212' title='bbox 772 2337 998 2390; x_wconf 81' lang='lat' dir='ltr'>typanidis</span> <span class='ocrx_word' id='word_1_213' title='bbox 1021 2339 1078 2378; x_wconf 83' lang='lat' dir='ltr'>A.</span> <span class='ocrx_word' id='word_1_214' title='bbox 1460 2337 1478 2362; x_wconf 78' lang='lat'>⁸</span> <span class='ocrx_word' id='word_1_215' title='bbox 1507 2336 1711 2380; x_wconf 75' lang='lat' dir='ltr'>Bouhier.</span> 
     </span>
    </p>
   </div>
   <div class='ocr_carea' id='block_1_4' title="bbox 643 2507 1401 2616">
    <p class='ocr_par' dir='ltr' id='par_1_4' title="bbox 643 2507 1401 2616">
     <span class='ocr_line' id='line_1_30' title="bbox 643 2507 1394 2561; baseline 0.001 -12"><span class='ocrx_word' id='word_1_216' title='bbox 643 2515 663 2535; x_wconf 76' lang='lat'><em>⁰</em></span> <span class='ocrx_word' id='word_1_217' title='bbox 694 2509 780 2558; x_wconf 72' lang='lat' dir='ltr'>i.e.‚</span> <span class='ocrx_word' id='word_1_218' title='bbox 801 2507 1028 2556; x_wconf 89' lang='lat' dir='ltr'>kindness,</span> <span class='ocrx_word' id='word_1_219' title='bbox 1049 2508 1236 2561; x_wconf 89' lang='lat' dir='ltr'>bounty,</span> <span class='ocrx_word' id='word_1_220' title='bbox 1259 2508 1394 2550; x_wconf 79' lang='lat' dir='ltr'>bonte‘.</span> 
     </span>
     <span class='ocr_line' id='line_1_31' title="bbox 644 2563 1401 2616; baseline 0.001 -13"><span class='ocrx_word' id='word_1_221' title='bbox 644 2563 660 2588; x_wconf 81' lang='lat'>¹³</span> <span class='ocrx_word' id='word_1_222' title='bbox 690 2563 783 2604; x_wconf 91' lang='lat' dir='ltr'>The</span> <span class='ocrx_word' id='word_1_223' title='bbox 803 2567 894 2604; x_wconf 86' lang='lat' dir='ltr'>text</span> <span class='ocrx_word' id='word_1_224' title='bbox 914 2565 950 2604; x_wconf 89' lang='lat' dir='ltr'>is</span> <span class='ocrx_word' id='word_1_225' title='bbox 971 2563 1190 2616; x_wconf 86' lang='lat' dir='ltr'>probably</span> <span class='ocrx_word' id='word_1_226' title='bbox 1209 2567 1401 2615; x_wconf 85' lang='lat' dir='ltr'>corrupt.</span> 
     </span>
    </p>
   </div>
   <div class='ocr_carea' id='block_1_5' title="bbox 288 2637 385 2679">
    <p class='ocr_par' dir='ltr' id='par_1_5' title="bbox 288 2637 385 2679">
     <span class='ocr_line' id='line_1_32' title="bbox 288 2637 385 2679; baseline -0.021 0"><span class='ocrx_word' id='word_1_227' title='bbox 288 2637 385 2679; x_wconf 74' lang='lat'>370</span> 
     </span>
    </p>
   </div>
  </div>
 </body>
</html>
