1853 3001
899 202 1151 251 CICERO

230 346 256 387 3
280 340 522 386 sentirem
546 352 699 399 quam
723 334 846 398 quid
868 337 1110 381 sentirem
1133 349 1280 397 posse
1304 333 1471 381 dicere
1493 332 1513 381 ?
1580 331 1772 392 Quodsi

280 419 522 467 haberem
565 416 754 480 aliquid
795 416 931 480 quod
970 415 1207 478 liqueret,
1247 421 1423 461 tamen
1462 420 1518 462 te
1558 416 1773 461 vicissim

281 501 455 548 audire
479 498 678 554 vellem,
703 514 817 544 cum
840 500 949 560 ipse
973 503 1080 543 tam
1104 495 1266 543 multa
1289 494 1581 543 dixissem.'’

344 582 473 628 Tum
521 579 706 627 Balbus
730 595 741 626 :
802 577 830 595 “
855 578 1043 625 Geram
1089 578 1183 625 tibi
1241 592 1465 633 morem3
1513 583 1568 624 et
1625 592 1774 641 agam

282 680 434 727 quam
476 663 786 709 brevissume
828 666 1025 723 potero,
1062 662 1253 706 etenim
1290 661 1528 706 convictis
1569 658 1773 722 Epicuri

282 745 531 792 erroribus
560 742 711 807 longa
740 742 804 789 de
832 757 949 788 mea
978 741 1322 803 disputatione
1353 741 1584 787 detracta
1612 742 1772 786 oratio

283 833 376 873 est.
447 825 666 872 Omnino
712 823 944 870 dividunt
987 825 1145 869 nostri
1187 829 1352 868 totam
1394 825 1545 868 istam
1589 822 1653 868 de
1698 821 1774 868 dis

282 905 633 954 inmortalibus
671 907 1023 968 quaestionem
1065 906 1116 950 in
1158 906 1316 966 partis
1360 909 1633 966 quattuor:
1676 904 1775 964 pri-

282 1005 424 1035 mum
471 988 657 1035 docent
705 1002 813 1033 esse
861 986 999 1041 deos,
1047 985 1232 1032 deinde
1279 983 1453 1048 quales
1499 987 1618 1040 sint,
1664 990 1774 1030 tum

284 1070 531 1117 mundum
584 1068 649 1115 ab
701 1070 759 1114 iis
813 1067 1168 1123 administrari,
1213 1072 1470 1129 postremo
1516 1064 1776 1112 consulere

287 1168 370 1199 eos
401 1151 551 1197 rebus
588 1148 837 1196 humanis.
907 1148 1010 1195 Nos
1047 1154 1221 1194 autem
1257 1146 1351 1194 hoc
1381 1162 1613 1194 sermone
1644 1161 1775 1210 quae

283 1236 449 1297 priora
474 1232 573 1278 duo
597 1237 715 1278 sunt
738 1246 993 1277 sumamus
1017 1244 1029 1286 ;
1070 1232 1281 1276 tertium
1305 1235 1359 1276 et
1381 1235 1637 1292 quartum,
1661 1229 1779 1291 quia

285 1317 476 1362 maiora
502 1320 638 1369 sunt,
662 1319 788 1375 puto
815 1327 925 1358 esse
949 1315 1001 1357 in
1027 1310 1163 1358 aliud
1187 1317 1390 1373 tempus
1415 1307 1746 1357 differenda.’'

350 1395 620 1441 “Minime
661 1410 780 1441 vero
803 1391 831 1408 ''
872 1395 1038 1455 inquit
1079 1391 1267 1447 Cotta3
1327 1390 1354 1407 “
1378 1408 1496 1438 nam
1538 1397 1592 1438 et
1632 1392 1778 1438 otiosi

285 1493 455 1526 sumus
477 1483 530 1523 et
548 1478 606 1522 iis
627 1475 691 1522 de
709 1475 860 1521 rebus
880 1477 1075 1538 agimus
1096 1489 1227 1537 quae
1246 1479 1365 1520 sunt
1385 1476 1541 1520 etiam
1560 1473 1778 1536 negotiis

286 1554 730 1621 anteponendae.'’

235 1648 263 1687 4
351 1639 419 1686 ΙΙ.
455 1639 585 1685 Tum
633 1637 851 1684 Lucilius
898 1635 926 1652 “
951 1636 1029 1682 Ne
1077 1651 1228 1700 egere
1274 1635 1481 1699 quidem
1526 1632 1761 1682 videtur'

288 1724 453 1784 inquit
481 1719 506 1735 “
527 1722 754 1767 oratione
779 1721 942 1781 prima
965 1734 1095 1780 pars.
1165 1716 1300 1776 Quid
1320 1719 1455 1764 enim
1472 1722 1646 1779 potest
1670 1731 1780 1763 esse

287 1810 395 1850 tam
433 1808 667 1865 apertum
708 1807 919 1863 tamque
959 1800 1298 1862 perspicuum,
1329 1815 1444 1845 curn
1474 1796 1670 1844 caelum
1701 1813 1781 1844 su-

287 1887 546 1947 speximus
566 1882 907 1944 caelestiaque
932 1880 1262 1943 contemplati
1289 1896 1478 1935 sumus,
1498 1895 1650 1942 quam
1671 1894 1780 1925 esse

288 1965 496 2029 aliquod
539 1980 728 2011 numen
772 1965 1237 2026 praestantissimae
1281 1963 1466 2008 mentis
1512 1977 1611 2024 quo
1655 1958 1780 2006 haec

288 2053 532 2111 regantur
554 2047 572 2093 ?
642 2045 791 2104 Quod
818 2047 869 2091 ni
896 2047 969 2090 ita
997 2050 1148 2100 esset,
1176 2045 1262 2107 qui
1287 2045 1539 2106 potuisset
1565 2041 1781 2088 adsensu

288 2131 513 2176 omnium
537 2128 703 2175 dicere
728 2126 919 2172 Ennius
943 2142 954 2172 :

350 2247 511 2298 Aspice
530 2245 613 2286 hoc
631 2243 817 2285 sublime
836 2242 1044 2290 candens,
1064 2256 1197 2293 quem
1217 2243 1424 2283 invocant
1441 2252 1593 2281 omnes
1614 2239 1780 2289 Iovem,

288 2353 428 2401 illum
452 2369 569 2400 vero
594 2359 649 2399 et
673 2351 847 2398 Iovem
872 2357 925 2397 et
950 2351 1319 2397 dominatorem
1342 2363 1510 2394 rerum
1535 2353 1590 2394 et
1613 2349 1781 2394 omnia

289 2442 418 2482 nutu
440 2440 705 2498 regentem
731 2439 801 2488 et,
824 2438 882 2478 ut
904 2431 1040 2478 idem
1063 2431 1273 2486 Ennius,

634 2543 804 2593 patrem
825 2538 1066 2591 divumque
1086 2537 1420 2590 hominumque,

291 2623 383 2664 124
