<?xml version="1.0" encoding="UTF-8"?>
<!DOCTYPE html PUBLIC "-//W3C//DTD XHTML 1.0 Transitional//EN"
    "http://www.w3.org/TR/xhtml1/DTD/xhtml1-transitional.dtd">
<html xmlns="http://www.w3.org/1999/xhtml" xml:lang="en" lang="en">
 <head>
  <title>
</title>
<meta http-equiv="Content-Type" content="text/html;charset=utf-8" />
  <meta name='ocr-system' content='tesseract 3.04.00' />
  <meta name='ocr-capabilities' content='ocr_page ocr_carea ocr_par ocr_line ocrx_word'/>
</head>
<body>
  <div class='ocr_page' id='page_1' title='image "./denaturadeorumac00ciceuoft_0494.png"; bbox 0 0 1919 3006; ppageno 0'>
   <div class='ocr_carea' id='block_1_1' title="bbox 936 193 1188 242">
    <p class='ocr_par' dir='ltr' id='par_1_1' title="bbox 936 193 1188 242">
     <span class='ocr_line' id='line_1_1' title="bbox 936 193 1188 242; baseline -0.008 0"><span class='ocrx_word' id='word_1_1' title='bbox 936 193 1188 242; x_wconf 87' lang='lat' dir='ltr'>CICERO</span> 
     </span>
    </p>
   </div>
   <div class='ocr_carea' id='block_1_2' title="bbox 310 320 1817 1816">
    <p class='ocr_par' dir='ltr' id='par_1_2' title="bbox 310 320 1817 1000">
     <span class='ocr_line' id='line_1_2' title="bbox 311 320 1815 387; baseline -0.001 -16"><span class='ocrx_word' id='word_1_2' title='bbox 311 329 480 380; x_wconf 82' lang='lat' dir='ltr'>autem,</span> <span class='ocrx_word' id='word_1_3' title='bbox 506 322 641 370; x_wconf 82' lang='lat' dir='ltr'>etiam</span> <span class='ocrx_word' id='word_1_4' title='bbox 653 322 884 386; x_wconf 76' lang='lat' dir='ltr'>firmitate</span> <span class='ocrx_word' id='word_1_5' title='bbox 908 321 1164 369; x_wconf 75' lang='lat' dir='ltr'>roboratus.</span> <span class='ocrx_word' id='word_1_6' title='bbox 1224 320 1434 386; x_wconf 67' lang='lat' dir='ltr'>D{fficile</span> <span class='ocrx_word' id='word_1_7' title='bbox 1458 328 1526 369; x_wconf 78' lang='lat' dir='ltr'>est</span> <span class='ocrx_word' id='word_1_8' title='bbox 1543 339 1740 387; x_wconf 77' lang='lat' dir='ltr'>prorsus</span> <span class='ocrx_word' id='word_1_9' title='bbox 1763 327 1815 370; x_wconf 78' lang='lat' dir='ltr'>ut</span> 
     </span>
     <span class='ocr_line' id='line_1_3' title="bbox 312 423 1812 491; baseline -0.001 -18"><span class='ocrx_word' id='word_1_10' title='bbox 312 443 586 491; x_wconf 82' lang='lat' dir='ltr'><strong><em>quemquam</em></strong></span> <span class='ocrx_word' id='word_1_11' title='bbox 617 441 708 472; x_wconf 79' lang='lat' dir='ltr'>non</span> <span class='ocrx_word' id='word_1_12' title='bbox 739 430 916 472; x_wconf 80' lang='lat' dir='ltr'>moveat</span> <span class='ocrx_word' id='word_1_13' title='bbox 946 423 1069 489; x_wconf 85' lang='lat' dir='ltr'>quod</span> <span class='ocrx_word' id='word_1_14' title='bbox 1098 423 1161 470; x_wconf 74' lang='lat' dir='ltr'>ibi</span> <span class='ocrx_word' id='word_1_15' title='bbox 1191 423 1360 471; x_wconf 77' lang='lat' dir='ltr'>dictum</span> <span class='ocrx_word' id='word_1_16' title='bbox 1391 430 1475 481; x_wconf 75' lang='lat' dir='ltr'>est,</span> <span class='ocrx_word' id='word_1_17' title='bbox 1506 425 1812 472; x_wconf 88' lang='lat' dir='ltr'>Academico</span> 
     </span>
     <span class='ocr_line' id='line_1_4' title="bbox 310 527 1814 592; baseline -0.001 -17"><span class='ocrx_word' id='word_1_18' title='bbox 310 531 528 592; x_wconf 74' lang='lat' dir='ltr'>sapienti</span> <span class='ocrx_word' id='word_1_19' title='bbox 572 528 636 574; x_wconf 85' lang='lat' dir='ltr'>ab</span> <span class='ocrx_word' id='word_1_20' title='bbox 681 527 912 574; x_wconf 82' lang='lat' dir='ltr'>omnibus</span> <span class='ocrx_word' id='word_1_21' title='bbox 965 533 1252 573; x_wconf 84' lang='lat' dir='ltr'>ceterarum</span> <span class='ocrx_word' id='word_1_22' title='bbox 1294 533 1548 573; x_wconf 86' lang='lat' dir='ltr'>sectarum</span> <span class='ocrx_word' id='word_1_23' title='bbox 1590 529 1677 590; x_wconf 91' lang='lat' dir='ltr'>qui</span> <span class='ocrx_word' id='word_1_24' title='bbox 1719 527 1814 574; x_wconf 91' lang='lat' dir='ltr'>sibi</span> 
     </span>
     <span class='ocr_line' id='line_1_5' title="bbox 314 629 1815 694; baseline -0.001 -17"><span class='ocrx_word' id='word_1_25' title='bbox 314 633 570 694; x_wconf 89' lang='lat' dir='ltr'>sapientes</span> <span class='ocrx_word' id='word_1_26' title='bbox 598 629 835 676; x_wconf 83' lang='lat' dir='ltr'>videntur</span> <span class='ocrx_word' id='word_1_27' title='bbox 862 629 1108 676; x_wconf 84' lang='lat' dir='ltr'>secundas</span> <span class='ocrx_word' id='word_1_28' title='bbox 1135 635 1307 692; x_wconf 87' lang='lat' dir='ltr'>partes</span> <span class='ocrx_word' id='word_1_29' title='bbox 1335 629 1461 685; x_wconf 87' lang='lat' dir='ltr'>dari,</span> <span class='ocrx_word' id='word_1_30' title='bbox 1488 645 1603 675; x_wconf 87' lang='lat' dir='ltr'>cum</span> <span class='ocrx_word' id='word_1_31' title='bbox 1628 632 1815 692; x_wconf 85' lang='lat' dir='ltr'>primas</span> 
     </span>
     <span class='ocr_line' id='line_1_6' title="bbox 315 731 1817 795; baseline -0.001 -16"><span class='ocrx_word' id='word_1_32' title='bbox 315 733 408 780; x_wconf 87' lang='lat' dir='ltr'>sibi</span> <span class='ocrx_word' id='word_1_33' title='bbox 445 747 702 795; x_wconf 81' lang='lat' dir='ltr'>quemque</span> <span class='ocrx_word' id='word_1_34' title='bbox 739 731 993 778; x_wconf 82' lang='lat' dir='ltr'>vindicare</span> <span class='ocrx_word' id='word_1_35' title='bbox 1029 746 1237 778; x_wconf 86' lang='lat' dir='ltr'>necesse</span> <span class='ocrx_word' id='word_1_36' title='bbox 1275 733 1375 787; x_wconf 82' lang='lat' dir='ltr'>sit3</span> <span class='ocrx_word' id='word_1_37' title='bbox 1432 747 1496 777; x_wconf 84' lang='lat' dir='ltr'>ex</span> <span class='ocrx_word' id='word_1_38' title='bbox 1532 746 1633 794; x_wconf 93' lang='lat' dir='ltr'>quo</span> <span class='ocrx_word' id='word_1_39' title='bbox 1668 745 1817 794; x_wconf 87' lang='lat' dir='ltr'>posse</span> 
     </span>
     <span class='ocr_line' id='line_1_7' title="bbox 315 832 1817 898; baseline -0.001 -17"><span class='ocrx_word' id='word_1_40' title='bbox 315 833 644 898; x_wconf 77' lang='lat' dir='ltr'>probabiliter</span> <span class='ocrx_word' id='word_1_41' title='bbox 664 833 838 879; x_wconf 84' lang='lat' dir='ltr'>confici</span> <span class='ocrx_word' id='word_1_42' title='bbox 861 849 977 879; x_wconf 90' lang='lat' dir='ltr'>eum</span> <span class='ocrx_word' id='word_1_43' title='bbox 996 839 1136 879; x_wconf 84' lang='lat' dir='ltr'>recte</span> <span class='ocrx_word' id='word_1_44' title='bbox 1156 835 1375 895; x_wconf 89' lang='lat' dir='ltr'>primum</span> <span class='ocrx_word' id='word_1_45' title='bbox 1396 848 1505 879; x_wconf 89' lang='lat' dir='ltr'>esse</span> <span class='ocrx_word' id='word_1_46' title='bbox 1525 848 1615 879; x_wconf 87' lang='lat' dir='ltr'>suo</span> <span class='ocrx_word' id='word_1_47' title='bbox 1633 832 1817 880; x_wconf 82' lang='lat' dir='ltr'>iudicio</span> 
     </span>
     <span class='ocr_line' id='line_1_8' title="bbox 315 934 1542 1000; baseline -0.002 -17"><span class='ocrx_word' id='word_1_48' title='bbox 315 939 402 1000; x_wconf 83' lang='lat' dir='ltr'>qui</span> <span class='ocrx_word' id='word_1_49' title='bbox 425 939 650 982; x_wconf 81' lang='lat' dir='ltr'>omnium</span> <span class='ocrx_word' id='word_1_50' title='bbox 673 941 960 982; x_wconf 84' lang='lat' dir='ltr'>ceterorum</span> <span class='ocrx_word' id='word_1_51' title='bbox 982 935 1165 982; x_wconf 84' lang='lat' dir='ltr'>iudicio</span> <span class='ocrx_word' id='word_1_52' title='bbox 1189 938 1255 981; x_wconf 88' lang='lat' dir='ltr'>sit</span> <span class='ocrx_word' id='word_1_53' title='bbox 1276 934 1542 981; x_wconf 85' lang='lat' dir='ltr'>secundus.</span> 
     </span>
    </p>

    <p class='ocr_par' dir='ltr' id='par_1_3' title="bbox 320 1035 1816 1405">
     <span class='ocr_line' id='line_1_9' title="bbox 378 1035 1815 1102; baseline -0.001 -17"><span class='ocrx_word' id='word_1_54' title='bbox 378 1044 454 1085; x_wconf 72' lang='lat'>21.</span> <span class='ocrx_word' id='word_1_55' title='bbox 492 1037 689 1102; x_wconf 78' lang='lat' dir='ltr'><em>August.</em></span> <span class='ocrx_word' id='word_1_56' title='bbox 728 1053 767 1084; x_wconf 87' lang='lat' dir='ltr'>c.</span> <span class='ocrx_word' id='word_1_57' title='bbox 806 1036 954 1083; x_wconf 85' lang='lat' dir='ltr'>Acad.</span> <span class='ocrx_word' id='word_1_58' title='bbox 993 1035 1060 1083; x_wconf 82' lang='lat' dir='ltr'>iii.</span> <span class='ocrx_word' id='word_1_59' title='bbox 1106 1042 1182 1083; x_wconf 73' lang='lat'>20.</span> <span class='ocrx_word' id='word_1_60' title='bbox 1228 1041 1287 1083; x_wconf 81' lang='lat'>43</span> <span class='ocrx_word' id='word_1_61' title='bbox 1330 1035 1411 1083; x_wconf 77' lang='lat' dir='ltr'>Ait</span> <span class='ocrx_word' id='word_1_62' title='bbox 1450 1035 1570 1083; x_wconf 80' lang='lat' dir='ltr'>enim</span> <span class='ocrx_word' id='word_1_63' title='bbox 1611 1035 1815 1102; x_wconf 83' lang='lat' dir='ltr'>(Cicero)</span> 
     </span>
     <span class='ocr_line' id='line_1_10' title="bbox 320 1137 1816 1187; baseline -0.001 0"><span class='ocrx_word' id='word_1_64' title='bbox 320 1139 414 1187; x_wconf 85' lang='lat' dir='ltr'>illis</span> <span class='ocrx_word' id='word_1_65' title='bbox 449 1155 645 1186; x_wconf 86' lang='lat' dir='ltr'>morem</span> <span class='ocrx_word' id='word_1_66' title='bbox 680 1137 834 1185; x_wconf 85' lang='lat' dir='ltr'>fuisse</span> <span class='ocrx_word' id='word_1_67' title='bbox 874 1138 1157 1185; x_wconf 85' lang='lat' dir='ltr'>occultandi</span> <span class='ocrx_word' id='word_1_68' title='bbox 1195 1141 1508 1185; x_wconf 87' lang='lat' dir='ltr'>sententiam</span> <span class='ocrx_word' id='word_1_69' title='bbox 1543 1155 1686 1185; x_wconf 87' lang='lat' dir='ltr'>suam</span> <span class='ocrx_word' id='word_1_70' title='bbox 1721 1155 1816 1186; x_wconf 87' lang='lat' dir='ltr'>nee</span> 
     </span>
     <span class='ocr_line' id='line_1_11' title="bbox 321 1240 1816 1304; baseline -0.002 -14"><span class='ocrx_word' id='word_1_71' title='bbox 321 1259 435 1290; x_wconf 89' lang='lat' dir='ltr'>eam</span> <span class='ocrx_word' id='word_1_72' title='bbox 473 1245 708 1304; x_wconf 81' lang='lat' dir='ltr'>cuiquam</span> <span class='ocrx_word' id='word_1_73' title='bbox 744 1243 839 1287; x_wconf 86' lang='lat' dir='ltr'>nisi</span> <span class='ocrx_word' id='word_1_74' title='bbox 877 1243 963 1303; x_wconf 91' lang='lat' dir='ltr'>qui</span> <span class='ocrx_word' id='word_1_75' title='bbox 998 1257 1169 1288; x_wconf 89' lang='lat' dir='ltr'>secum</span> <span class='ocrx_word' id='word_1_76' title='bbox 1203 1240 1268 1287; x_wconf 88' lang='lat' dir='ltr'>ad</span> <span class='ocrx_word' id='word_1_77' title='bbox 1300 1247 1620 1288; x_wconf 87' lang='lat' dir='ltr'>senectutem</span> <span class='ocrx_word' id='word_1_78' title='bbox 1656 1256 1816 1303; x_wconf 86' lang='lat' dir='ltr'>usque</span> 
     </span>
     <span class='ocr_line' id='line_1_12' title="bbox 321 1346 1093 1405; baseline -0.003 -14"><span class='ocrx_word' id='word_1_79' title='bbox 321 1347 564 1392; x_wconf 74' lang='lat' dir='ltr'>vixissent</span> <span class='ocrx_word' id='word_1_80' title='bbox 589 1346 783 1405; x_wconf 84' lang='lat' dir='ltr'>aperire</span> <span class='ocrx_word' id='word_1_81' title='bbox 810 1359 1093 1390; x_wconf 77' lang='lat' dir='ltr'>consuesse.</span> 
     </span>
    </p>

    <p class='ocr_par' dir='ltr' id='par_1_4' title="bbox 314 1443 1817 1816">
     <span class='ocr_line' id='line_1_13' title="bbox 378 1443 1816 1509; baseline -0.002 -15"><span class='ocrx_word' id='word_1_82' title='bbox 378 1452 454 1494; x_wconf 72' lang='lat'>22.</span> <span class='ocrx_word' id='word_1_83' title='bbox 493 1446 688 1509; x_wconf 75' lang='lat' dir='ltr'>August.</span> <span class='ocrx_word' id='word_1_84' title='bbox 716 1444 772 1491; x_wconf 88' lang='lat' dir='ltr'>de</span> <span class='ocrx_word' id='word_1_85' title='bbox 803 1444 887 1491; x_wconf 80' lang='lat' dir='ltr'>civ.</span> <span class='ocrx_word' id='word_1_86' title='bbox 915 1444 1011 1491; x_wconf 77' lang='lat' dir='ltr'>Dei</span> <span class='ocrx_word' id='word_1_87' title='bbox 1040 1443 1101 1492; x_wconf 79' lang='grc' dir='ltr'>υἱ.</span> <span class='ocrx_word' id='word_1_88' title='bbox 1129 1451 1158 1491; x_wconf 76' lang='lat'><strong>2</strong></span> <span class='ocrx_word' id='word_1_89' title='bbox 1182 1444 1399 1509; x_wconf 81' lang='lat' dir='ltr'>Denique</span> <span class='ocrx_word' id='word_1_90' title='bbox 1426 1450 1469 1492; x_wconf 85' lang='lat' dir='ltr'>et</span> <span class='ocrx_word' id='word_1_91' title='bbox 1499 1443 1598 1509; x_wconf 78' lang='lat' dir='ltr'>ipse</span> <span class='ocrx_word' id='word_1_92' title='bbox 1633 1444 1816 1492; x_wconf 81' lang='lat' dir='ltr'>Tullius</span> 
     </span>
     <span class='ocr_line' id='line_1_14' title="bbox 314 1545 1817 1611; baseline -0.001 -16"><span class='ocrx_word' id='word_1_93' title='bbox 314 1547 419 1595; x_wconf 78' lang='lat' dir='ltr'>kuic</span> <span class='ocrx_word' id='word_1_94' title='bbox 451 1547 548 1611; x_wconf 85' lang='lat' dir='ltr'>(M.</span> <span class='ocrx_word' id='word_1_95' title='bbox 589 1547 634 1594; x_wconf 96' lang='lat' dir='ltr'><em>V</em></span> <span class='ocrx_word' id='word_1_96' title='bbox 632 1546 808 1610; x_wconf 62' lang='lat' dir='ltr'>arrom)</span> <span class='ocrx_word' id='word_1_97' title='bbox 843 1546 933 1593; x_wconf 77' lang='lat' dir='ltr'>tale</span> <span class='ocrx_word' id='word_1_98' title='bbox 964 1546 1267 1594; x_wconf 79' lang='lat' dir='ltr'>testimonium</span> <span class='ocrx_word' id='word_1_99' title='bbox 1292 1545 1501 1611; x_wconf 79' lang='lat' dir='ltr'>perhibet</span> <span class='ocrx_word' id='word_1_100' title='bbox 1529 1552 1579 1594; x_wconf 78' lang='lat' dir='ltr'>ut</span> <span class='ocrx_word' id='word_1_101' title='bbox 1606 1545 1656 1594; x_wconf 82' lang='lat' dir='ltr'>in</span> <span class='ocrx_word' id='word_1_102' title='bbox 1687 1545 1817 1594; x_wconf 78' lang='lat' dir='ltr'>libris</span> 
     </span>
     <span class='ocr_line' id='line_1_15' title="bbox 314 1648 1816 1714; baseline -0.001 -16"><span class='ocrx_word' id='word_1_103' title='bbox 314 1649 604 1698; x_wconf 74' lang='lat' dir='ltr'>Academicis</span> <span class='ocrx_word' id='word_1_104' title='bbox 632 1649 756 1696; x_wconf 82' lang='lat' dir='ltr'>dicat</span> <span class='ocrx_word' id='word_1_105' title='bbox 783 1666 884 1696; x_wconf 87' lang='lat' dir='ltr'>eam</span> <span class='ocrx_word' id='word_1_106' title='bbox 913 1666 1032 1714; x_wconf 83' lang='lat' dir='ltr'>quae</span> <span class='ocrx_word' id='word_1_107' title='bbox 1059 1648 1122 1696; x_wconf 78' lang='lat' dir='ltr'>ibi</span> <span class='ocrx_word' id='word_1_108' title='bbox 1149 1655 1359 1696; x_wconf 79' lang='lat' dir='ltr'>versatur</span> <span class='ocrx_word' id='word_1_109' title='bbox 1386 1648 1739 1714; x_wconf 79' lang='lat' dir='ltr'>disputationem</span> <span class='ocrx_word' id='word_1_110' title='bbox 1767 1664 1816 1696; x_wconf 77' lang='lat' dir='ltr'>se</span> 
     </span>
     <span class='ocr_line' id='line_1_16' title="bbox 316 1751 1815 1816; baseline -0.002 -15"><span class='ocrx_word' id='word_1_111' title='bbox 316 1753 532 1801; x_wconf 78' lang='lat' dir='ltr'>habuisse</span> <span class='ocrx_word' id='word_1_112' title='bbox 574 1770 675 1799; x_wconf 84' lang='lat' dir='ltr'>cum</span> <span class='ocrx_word' id='word_1_113' title='bbox 719 1751 795 1798; x_wconf 92' lang='lat' dir='ltr'>M.</span> <span class='ocrx_word' id='word_1_114' title='bbox 849 1751 1073 1808; x_wconf 81' lang='lat' dir='ltr'>Varrone,</span> <span class='ocrx_word' id='word_1_115' title='bbox 1117 1751 1340 1808; x_wconf 88' lang='lat' dir='ltr'>homine,</span> <span class='ocrx_word' id='word_1_116' title='bbox 1382 1751 1548 1816; x_wconf 80' lang='lat' dir='ltr'>inquit,</span> <span class='ocrx_word' id='word_1_117' title='bbox 1591 1755 1815 1799; x_wconf 89' lang='lat' dir='ltr'>omnium</span> 
     </span>
    </p>
   </div>
   <div class='ocr_carea' id='block_1_3' title="bbox 313 1854 1782 1904">
    <p class='ocr_par' dir='ltr' id='par_1_5' title="bbox 313 1854 1782 1904">
     <span class='ocr_line' id='line_1_17' title="bbox 313 1854 1782 1904; baseline 0 -1"><span class='ocrx_word' id='word_1_118' title='bbox 313 1855 461 1904; x_wconf 84' lang='lat' dir='ltr'>facile</span> <span class='ocrx_word' id='word_1_119' title='bbox 486 1858 774 1902; x_wconf 86' lang='lat' dir='ltr'>acutissimo</span> <span class='ocrx_word' id='word_1_120' title='bbox 799 1861 853 1902; x_wconf 90' lang='lat' dir='ltr'>et</span> <span class='ocrx_word' id='word_1_121' title='bbox 876 1858 984 1902; x_wconf 90' lang='lat' dir='ltr'>sine</span> <span class='ocrx_word' id='word_1_122' title='bbox 1008 1854 1110 1902; x_wconf 87' lang='lat' dir='ltr'>ulla</span> <span class='ocrx_word' id='word_1_123' title='bbox 1133 1855 1454 1902; x_wconf 77' lang='lat' dir='ltr'>dubitatione</span> <span class='ocrx_word' id='word_1_124' title='bbox 1478 1855 1782 1904; x_wconf 77' lang='lat' dir='ltr'>doctissimo·</span> 
     </span>
    </p>
   </div>
   <div class='ocr_carea' id='block_1_4' title="bbox 322 2620 417 2671">
    <p class='ocr_par' dir='ltr' id='par_1_6' title="bbox 322 2620 417 2671">
     <span class='ocr_line' id='line_1_18' title="bbox 322 2620 417 2671; baseline -0.011 0"><span class='ocrx_word' id='word_1_125' title='bbox 322 2620 417 2671; x_wconf 75' lang='lat'>462</span> 
     </span>
    </p>
   </div>
  </div>
 </body>
</html>
