<?xml version="1.0" encoding="UTF-8"?>
<!DOCTYPE html PUBLIC "-//W3C//DTD XHTML 1.0 Transitional//EN"
    "http://www.w3.org/TR/xhtml1/DTD/xhtml1-transitional.dtd">
<html xmlns="http://www.w3.org/1999/xhtml" xml:lang="en" lang="en">
 <head>
  <title>
</title>
<meta http-equiv="Content-Type" content="text/html;charset=utf-8" />
  <meta name='ocr-system' content='tesseract 3.04.00' />
  <meta name='ocr-capabilities' content='ocr_page ocr_carea ocr_par ocr_line ocrx_word'/>
</head>
<body>
  <div class='ocr_page' id='page_1' title='image "./denaturadeorumac00ciceuoft_0554.png"; bbox 0 0 1919 3006; ppageno 0'>
   <div class='ocr_carea' id='block_1_1' title="bbox 272 414 323 453">
    <p class='ocr_par' dir='ltr' id='par_1_1' title="bbox 272 414 323 453">
     <span class='ocr_line' id='line_1_1' title="bbox 272 414 323 453; baseline -0.02 0"><span class='ocrx_word' id='word_1_1' title='bbox 272 414 323 453; x_wconf 80' lang='lat'>42</span> 
     </span>
    </p>
   </div>
   <div class='ocr_carea' id='block_1_2' title="bbox 969 197 1222 247">
    <p class='ocr_par' dir='ltr' id='par_1_2' title="bbox 969 197 1222 247">
     <span class='ocr_line' id='line_1_2' title="bbox 969 197 1222 247; baseline 0.008 -2"><span class='ocrx_word' id='word_1_2' title='bbox 969 197 1222 247; x_wconf 88' lang='lat' dir='ltr'>CICERO</span> 
     </span>
    </p>
   </div>
   <div class='ocr_carea' id='block_1_3' title="bbox 346 325 1845 2408">
    <p class='ocr_par' dir='ltr' id='par_1_3' title="bbox 346 325 1845 2408">
     <span class='ocr_line' id='line_1_3' title="bbox 348 325 1844 392; baseline 0.001 -19"><span class='ocrx_word' id='word_1_3' title='bbox 348 327 484 390; x_wconf 91' lang='lat' dir='ltr'>quod</span> <span class='ocrx_word' id='word_1_4' title='bbox 515 329 581 374; x_wconf 90' lang='lat' dir='ltr'>sit</span> <span class='ocrx_word' id='word_1_5' title='bbox 613 343 642 373; x_wconf 88' lang='lat' dir='ltr'>a</span> <span class='ocrx_word' id='word_1_6' title='bbox 673 343 790 373; x_wconf 87' lang='lat' dir='ltr'>vero</span> <span class='ocrx_word' id='word_1_7' title='bbox 822 325 926 373; x_wconf 92' lang='lat' dir='ltr'>tale</span> <span class='ocrx_word' id='word_1_8' title='bbox 959 343 1069 373; x_wconf 91' lang='lat' dir='ltr'>esse</span> <span class='ocrx_word' id='word_1_9' title='bbox 1101 325 1250 390; x_wconf 90' lang='lat' dir='ltr'>quale</span> <span class='ocrx_word' id='word_1_10' title='bbox 1284 329 1440 374; x_wconf 88' lang='lat' dir='ltr'>etiam</span> <span class='ocrx_word' id='word_1_11' title='bbox 1472 343 1502 374; x_wconf 88' lang='lat' dir='ltr'>a</span> <span class='ocrx_word' id='word_1_12' title='bbox 1531 325 1657 375; x_wconf 90' lang='lat' dir='ltr'>falso</span> <span class='ocrx_word' id='word_1_13' title='bbox 1687 330 1844 392; x_wconf 80' lang='lat' dir='ltr'><strong>possit</strong></span> 
     </span>
     <span class='ocr_line' id='line_1_4' title="bbox 347 404 1844 468; baseline 0.002 -18"><span class='ocrx_word' id='word_1_14' title='bbox 347 421 469 452; x_wconf 89' lang='lat' dir='ltr'>esse.</span> <span class='ocrx_word' id='word_1_15' title='bbox 532 404 675 451; x_wconf 92' lang='lat' dir='ltr'>Haec</span> <span class='ocrx_word' id='word_1_16' title='bbox 701 404 801 452; x_wconf 92' lang='lat' dir='ltr'>duo</span> <span class='ocrx_word' id='word_1_17' title='bbox 826 407 1085 468; x_wconf 87' lang='lat' dir='ltr'>proposita</span> <span class='ocrx_word' id='word_1_18' title='bbox 1110 421 1211 451; x_wconf 88' lang='lat' dir='ltr'>non</span> <span class='ocrx_word' id='word_1_19' title='bbox 1236 404 1631 468; x_wconf 81' lang='lat' dir='ltr'><strong>praetervolant,</strong></span> <span class='ocrx_word' id='word_1_20' title='bbox 1657 406 1749 454; x_wconf 90' lang='lat' dir='ltr'>sed</span> <span class='ocrx_word' id='word_1_21' title='bbox 1771 409 1844 453; x_wconf 88' lang='lat' dir='ltr'>ita</span> 
     </span>
     <span class='ocr_line' id='line_1_5' title="bbox 349 481 1843 530; baseline 0.001 -1"><span class='ocrx_word' id='word_1_22' title='bbox 349 482 566 529; x_wconf 89' lang='lat' dir='ltr'>dilatant</span> <span class='ocrx_word' id='word_1_23' title='bbox 594 489 653 529; x_wconf 93' lang='lat' dir='ltr'>ut</span> <span class='ocrx_word' id='word_1_24' title='bbox 681 499 783 528; x_wconf 91' lang='lat' dir='ltr'>non</span> <span class='ocrx_word' id='word_1_25' title='bbox 810 482 1118 529; x_wconf 82' lang='lat' dir='ltr'>mediocrem</span> <span class='ocrx_word' id='word_1_26' title='bbox 1147 499 1318 529; x_wconf 90' lang='lat' dir='ltr'>curam</span> <span class='ocrx_word' id='word_1_27' title='bbox 1349 481 1626 530; x_wconf 81' lang='lat' dir='ltr'>adhibeant</span> <span class='ocrx_word' id='word_1_28' title='bbox 1655 490 1709 530; x_wconf 83' lang='lat' dir='ltr'>et</span> <span class='ocrx_word' id='word_1_29' title='bbox 1737 483 1843 530; x_wconf 90' lang='lat' dir='ltr'>dili-</span> 
     </span>
     <span class='ocr_line' id='line_1_6' title="bbox 347 559 1845 624; baseline 0.001 -18"><span class='ocrx_word' id='word_1_30' title='bbox 347 563 611 624; x_wconf 83' lang='lat' dir='ltr'>gentiam3</span> <span class='ocrx_word' id='word_1_31' title='bbox 667 559 900 606; x_wconf 87' lang='lat' dir='ltr'>dividunt</span> <span class='ocrx_word' id='word_1_32' title='bbox 938 562 1073 605; x_wconf 88' lang='lat' dir='ltr'>enim</span> <span class='ocrx_word' id='word_1_33' title='bbox 1108 562 1161 605; x_wconf 90' lang='lat' dir='ltr'>in</span> <span class='ocrx_word' id='word_1_34' title='bbox 1197 567 1386 622; x_wconf 85' lang='lat' dir='ltr'>parteS,</span> <span class='ocrx_word' id='word_1_35' title='bbox 1425 566 1480 607; x_wconf 88' lang='lat' dir='ltr'>et</span> <span class='ocrx_word' id='word_1_36' title='bbox 1516 576 1601 607; x_wconf 89' lang='lat' dir='ltr'>eas</span> <span class='ocrx_word' id='word_1_37' title='bbox 1639 560 1845 624; x_wconf 91' lang='lat' dir='ltr'>quidem</span> 
     </span>
     <span class='ocr_line' id='line_1_7' title="bbox 346 637 1845 702; baseline 0.001 -19"><span class='ocrx_word' id='word_1_38' title='bbox 346 654 575 701; x_wconf 86' lang='lat' dir='ltr'>magnas,</span> <span class='ocrx_word' id='word_1_39' title='bbox 598 641 817 700; x_wconf 89' lang='lat' dir='ltr'>primum</span> <span class='ocrx_word' id='word_1_40' title='bbox 839 640 892 683; x_wconf 91' lang='lat' dir='ltr'>in</span> <span class='ocrx_word' id='word_1_41' title='bbox 915 653 1107 693; x_wconf 90' lang='lat' dir='ltr'>sensus,</span> <span class='ocrx_word' id='word_1_42' title='bbox 1132 637 1317 684; x_wconf 90' lang='lat' dir='ltr'>deinde</span> <span class='ocrx_word' id='word_1_43' title='bbox 1340 641 1392 683; x_wconf 90' lang='lat' dir='ltr'>in</span> <span class='ocrx_word' id='word_1_44' title='bbox 1417 654 1478 684; x_wconf 88' lang='lat' dir='ltr'>ea</span> <span class='ocrx_word' id='word_1_45' title='bbox 1500 654 1632 702; x_wconf 89' lang='lat' dir='ltr'>quae</span> <span class='ocrx_word' id='word_1_46' title='bbox 1657 638 1845 685; x_wconf 89' lang='lat' dir='ltr'>ducun-</span> 
     </span>
     <span class='ocr_line' id='line_1_8' title="bbox 347 716 1845 779; baseline 0.001 -17"><span class='ocrx_word' id='word_1_47' title='bbox 347 722 432 762; x_wconf 90' lang='lat' dir='ltr'>tur</span> <span class='ocrx_word' id='word_1_48' title='bbox 467 732 496 761; x_wconf 87' lang='lat' dir='ltr'>a</span> <span class='ocrx_word' id='word_1_49' title='bbox 530 716 757 762; x_wconf 87' lang='lat' dir='ltr'>sensibus</span> <span class='ocrx_word' id='word_1_50' title='bbox 795 722 848 761; x_wconf 92' lang='lat' dir='ltr'>et</span> <span class='ocrx_word' id='word_1_51' title='bbox 883 716 946 761; x_wconf 91' lang='lat' dir='ltr'>ab</span> <span class='ocrx_word' id='word_1_52' title='bbox 981 718 1116 761; x_wconf 91' lang='lat' dir='ltr'>omni</span> <span class='ocrx_word' id='word_1_53' title='bbox 1152 716 1536 771; x_wconf 89' lang='lat' dir='ltr'>consuetudine,</span> <span class='ocrx_word' id='word_1_54' title='bbox 1571 732 1724 779; x_wconf 90' lang='lat' dir='ltr'>quam</span> <span class='ocrx_word' id='word_1_55' title='bbox 1759 716 1845 763; x_wconf 85' lang='lat' dir='ltr'>ob-</span> 
     </span>
     <span class='ocr_line' id='line_1_9' title="bbox 347 792 1845 855; baseline 0 -15"><span class='ocrx_word' id='word_1_56' title='bbox 347 796 531 840; x_wconf 87' lang='lat' dir='ltr'>scurari</span> <span class='ocrx_word' id='word_1_57' title='bbox 558 792 750 848; x_wconf 85' lang='lat' dir='ltr'>volunt,</span> <span class='ocrx_word' id='word_1_58' title='bbox 776 800 887 839; x_wconf 92' lang='lat' dir='ltr'>tum</span> <span class='ocrx_word' id='word_1_59' title='bbox 912 796 1217 855; x_wconf 86' lang='lat' dir='ltr'>perveniunt</span> <span class='ocrx_word' id='word_1_60' title='bbox 1243 793 1308 839; x_wconf 90' lang='lat' dir='ltr'>ad</span> <span class='ocrx_word' id='word_1_61' title='bbox 1333 809 1446 839; x_wconf 90' lang='lat' dir='ltr'>eam</span> <span class='ocrx_word' id='word_1_62' title='bbox 1471 800 1672 855; x_wconf 87' lang='lat' dir='ltr'>partem</span> <span class='ocrx_word' id='word_1_63' title='bbox 1696 800 1755 840; x_wconf 88' lang='lat' dir='ltr'>ut</span> <span class='ocrx_word' id='word_1_64' title='bbox 1779 809 1845 840; x_wconf 89' lang='lat' dir='ltr'>ne</span> 
     </span>
     <span class='ocr_line' id='line_1_10' title="bbox 347 869 1842 933; baseline 0.001 -17"><span class='ocrx_word' id='word_1_65' title='bbox 347 873 543 917; x_wconf 90' lang='lat' dir='ltr'>ratione</span> <span class='ocrx_word' id='word_1_66' title='bbox 575 871 781 933; x_wconf 90' lang='lat' dir='ltr'>quidem</span> <span class='ocrx_word' id='word_1_67' title='bbox 813 877 865 917; x_wconf 90' lang='lat' dir='ltr'>et</span> <span class='ocrx_word' id='word_1_68' title='bbox 894 873 1184 916; x_wconf 88' lang='lat' dir='ltr'>coniectura</span> <span class='ocrx_word' id='word_1_69' title='bbox 1214 869 1315 916; x_wconf 90' lang='lat' dir='ltr'>ulla</span> <span class='ocrx_word' id='word_1_70' title='bbox 1342 887 1422 916; x_wconf 89' lang='lat' dir='ltr'>res</span> <span class='ocrx_word' id='word_1_71' title='bbox 1451 873 1640 933; x_wconf 80' lang='lat' dir='ltr'>percipi</span> <span class='ocrx_word' id='word_1_72' title='bbox 1669 873 1842 933; x_wconf 79' lang='lat' dir='ltr'><strong>possit.</strong></span> 
     </span>
     <span class='ocr_line' id='line_1_11' title="bbox 349 948 1844 1004; baseline 0.001 -10"><span class='ocrx_word' id='word_1_73' title='bbox 349 948 490 994; x_wconf 90' lang='lat' dir='ltr'>Haec</span> <span class='ocrx_word' id='word_1_74' title='bbox 540 955 714 994; x_wconf 90' lang='lat' dir='ltr'>autem</span> <span class='ocrx_word' id='word_1_75' title='bbox 762 951 995 994; x_wconf 89' lang='lat' dir='ltr'>universa</span> <span class='ocrx_word' id='word_1_76' title='bbox 1042 948 1314 995; x_wconf 89' lang='lat' dir='ltr'>concidunt</span> <span class='ocrx_word' id='word_1_77' title='bbox 1363 951 1519 994; x_wconf 90' lang='lat' dir='ltr'>etiam</span> <span class='ocrx_word' id='word_1_78' title='bbox 1566 951 1844 1004; x_wconf 87' lang='lat' dir='ltr'>minutius;</span> 
     </span>
     <span class='ocr_line' id='line_1_12' title="bbox 347 1024 1844 1081; baseline 0 -9"><span class='ocrx_word' id='word_1_79' title='bbox 347 1033 405 1072; x_wconf 87' lang='lat' dir='ltr'>ut</span> <span class='ocrx_word' id='word_1_80' title='bbox 434 1029 569 1072; x_wconf 90' lang='lat' dir='ltr'>enim</span> <span class='ocrx_word' id='word_1_81' title='bbox 599 1026 662 1072; x_wconf 95' lang='lat' dir='ltr'>de</span> <span class='ocrx_word' id='word_1_82' title='bbox 693 1026 920 1072; x_wconf 82' lang='lat' dir='ltr'>sensibus</span> <span class='ocrx_word' id='word_1_83' title='bbox 949 1024 1189 1072; x_wconf 85' lang='lat' dir='ltr'>hesterno</span> <span class='ocrx_word' id='word_1_84' title='bbox 1219 1041 1449 1072; x_wconf 86' lang='lat' dir='ltr'>sermone</span> <span class='ocrx_word' id='word_1_85' title='bbox 1479 1026 1689 1081; x_wconf 88' lang='lat' dir='ltr'>vidistis,</span> <span class='ocrx_word' id='word_1_86' title='bbox 1718 1028 1844 1072; x_wconf 92' lang='lat' dir='ltr'>item</span> 
     </span>
     <span class='ocr_line' id='line_1_13' title="bbox 346 1102 1845 1167; baseline 0.001 -18"><span class='ocrx_word' id='word_1_87' title='bbox 346 1102 539 1150; x_wconf 87' lang='lat' dir='ltr'>faciunt</span> <span class='ocrx_word' id='word_1_88' title='bbox 584 1104 648 1150; x_wconf 94' lang='lat' dir='ltr'>de</span> <span class='ocrx_word' id='word_1_89' title='bbox 692 1103 914 1166; x_wconf 89' lang='lat' dir='ltr'>reliquis,</span> <span class='ocrx_word' id='word_1_90' title='bbox 959 1106 1010 1149; x_wconf 92' lang='lat' dir='ltr'>in</span> <span class='ocrx_word' id='word_1_91' title='bbox 1056 1103 1366 1167; x_wconf 85' lang='lat' dir='ltr'>singulisque</span> <span class='ocrx_word' id='word_1_92' title='bbox 1410 1104 1578 1159; x_wconf 90' lang='lat' dir='ltr'>rebus,</span> <span class='ocrx_word' id='word_1_93' title='bbox 1624 1119 1749 1166; x_wconf 85' lang='lat' dir='ltr'>quas</span> <span class='ocrx_word' id='word_1_94' title='bbox 1792 1106 1845 1149; x_wconf 92' lang='lat' dir='ltr'>in</span> 
     </span>
     <span class='ocr_line' id='line_1_14' title="bbox 346 1180 1844 1244; baseline 0.001 -17"><span class='ocrx_word' id='word_1_95' title='bbox 346 1185 554 1228; x_wconf 90' lang='lat' dir='ltr'>minima</span> <span class='ocrx_word' id='word_1_96' title='bbox 582 1181 905 1244; x_wconf 88' lang='lat' dir='ltr'>dispertiunt,</span> <span class='ocrx_word' id='word_1_97' title='bbox 935 1180 1110 1227; x_wconf 85' lang='lat' dir='ltr'>volunt</span> <span class='ocrx_word' id='word_1_98' title='bbox 1139 1181 1336 1227; x_wconf 88' lang='lat' dir='ltr'>efficere</span> <span class='ocrx_word' id='word_1_99' title='bbox 1363 1184 1422 1227; x_wconf 91' lang='lat' dir='ltr'>iis</span> <span class='ocrx_word' id='word_1_100' title='bbox 1452 1181 1683 1228; x_wconf 90' lang='lat' dir='ltr'>omnibus</span> <span class='ocrx_word' id='word_1_101' title='bbox 1713 1197 1844 1244; x_wconf 90' lang='lat' dir='ltr'>quae</span> 
     </span>
     <span class='ocr_line' id='line_1_15' title="bbox 347 1257 1844 1322; baseline -0.001 -16"><span class='ocrx_word' id='word_1_102' title='bbox 347 1263 451 1306; x_wconf 86' lang='lat' dir='ltr'>visa</span> <span class='ocrx_word' id='word_1_103' title='bbox 481 1263 581 1306; x_wconf 88' lang='lat' dir='ltr'>sint</span> <span class='ocrx_word' id='word_1_104' title='bbox 611 1262 740 1305; x_wconf 89' lang='lat' dir='ltr'>veris</span> <span class='ocrx_word' id='word_1_105' title='bbox 772 1259 1011 1305; x_wconf 88' lang='lat' dir='ltr'>adiuncta</span> <span class='ocrx_word' id='word_1_106' title='bbox 1043 1275 1151 1305; x_wconf 92' lang='lat' dir='ltr'>esse</span> <span class='ocrx_word' id='word_1_107' title='bbox 1183 1257 1310 1305; x_wconf 90' lang='lat' dir='ltr'>falsa</span> <span class='ocrx_word' id='word_1_108' title='bbox 1340 1275 1471 1322; x_wconf 91' lang='lat' dir='ltr'>quae</span> <span class='ocrx_word' id='word_1_109' title='bbox 1503 1275 1534 1305; x_wconf 88' lang='lat' dir='ltr'>a</span> <span class='ocrx_word' id='word_1_110' title='bbox 1562 1262 1691 1306; x_wconf 90' lang='lat' dir='ltr'>veris</span> <span class='ocrx_word' id='word_1_111' title='bbox 1722 1257 1844 1304; x_wconf 89' lang='lat' dir='ltr'>nihil</span> 
     </span>
     <span class='ocr_line' id='line_1_16' title="bbox 347 1336 1777 1399; baseline 0 -16"><span class='ocrx_word' id='word_1_112' title='bbox 347 1336 582 1384; x_wconf 87' lang='lat' dir='ltr'>differant</span> <span class='ocrx_word' id='word_1_113' title='bbox 605 1352 616 1393; x_wconf 91' lang='lat'>;</span> <span class='ocrx_word' id='word_1_114' title='bbox 661 1353 721 1383; x_wconf 93' lang='lat' dir='ltr'>ea</span> <span class='ocrx_word' id='word_1_115' title='bbox 745 1354 860 1383; x_wconf 91' lang='lat' dir='ltr'>cum</span> <span class='ocrx_word' id='word_1_116' title='bbox 884 1336 1007 1383; x_wconf 88' lang='lat' dir='ltr'>talia</span> <span class='ocrx_word' id='word_1_117' title='bbox 1031 1340 1148 1392; x_wconf 91' lang='lat' dir='ltr'>sint,</span> <span class='ocrx_word' id='word_1_118' title='bbox 1174 1353 1275 1382; x_wconf 91' lang='lat' dir='ltr'>non</span> <span class='ocrx_word' id='word_1_119' title='bbox 1298 1353 1445 1399; x_wconf 90' lang='lat' dir='ltr'>posse</span> <span class='ocrx_word' id='word_1_120' title='bbox 1470 1337 1777 1399; x_wconf 86' lang='lat' dir='ltr'>comprendi.</span> 
     </span>
     <span class='ocr_line' id='line_1_17' title="bbox 410 1413 1844 1477; baseline -0.001 -16"><span class='ocrx_word' id='word_1_121' title='bbox 410 1414 547 1461; x_wconf 88' lang='lat' dir='ltr'>XIV.</span> <span class='ocrx_word' id='word_1_122' title='bbox 585 1413 613 1431; x_wconf 86' lang='lat'><strong>“</strong></span> <span class='ocrx_word' id='word_1_123' title='bbox 639 1414 785 1460; x_wconf 87' lang='lat' dir='ltr'>Hanc</span> <span class='ocrx_word' id='word_1_124' title='bbox 812 1431 907 1477; x_wconf 82' lang='lat' dir='ltr'>ego</span> <span class='ocrx_word' id='word_1_125' title='bbox 934 1414 1272 1461; x_wconf 77' lang='lat' dir='ltr'>subtilitatem</span> <span class='ocrx_word' id='word_1_126' title='bbox 1297 1413 1613 1477; x_wconf 87' lang='lat' dir='ltr'>philosophia</span> <span class='ocrx_word' id='word_1_127' title='bbox 1638 1414 1844 1477; x_wconf 90' lang='lat' dir='ltr'>quidem</span> 
     </span>
     <span class='ocr_line' id='line_1_18' title="bbox 347 1492 1845 1556; baseline 0 -18"><span class='ocrx_word' id='word_1_128' title='bbox 347 1493 691 1556; x_wconf 82' lang='lat' dir='ltr'>dignissimam</span> <span class='ocrx_word' id='word_1_129' title='bbox 741 1493 905 1539; x_wconf 88' lang='lat' dir='ltr'>iudico</span> <span class='ocrx_word' id='word_1_130' title='bbox 956 1492 1046 1539; x_wconf 91' lang='lat' dir='ltr'>sed</span> <span class='ocrx_word' id='word_1_131' title='bbox 1097 1493 1160 1538; x_wconf 91' lang='lat' dir='ltr'>ab</span> <span class='ocrx_word' id='word_1_132' title='bbox 1212 1508 1386 1538; x_wconf 90' lang='lat' dir='ltr'>eorum</span> <span class='ocrx_word' id='word_1_133' title='bbox 1435 1508 1587 1538; x_wconf 88' lang='lat' dir='ltr'>causa</span> <span class='ocrx_word' id='word_1_134' title='bbox 1636 1495 1722 1555; x_wconf 91' lang='lat' dir='ltr'>qui</span> <span class='ocrx_word' id='word_1_135' title='bbox 1770 1494 1845 1539; x_wconf 88' lang='lat' dir='ltr'>ita</span> 
     </span>
     <span class='ocr_line' id='line_1_19' title="bbox 347 1570 1844 1632; baseline -0.001 -15"><span class='ocrx_word' id='word_1_136' title='bbox 347 1571 601 1617; x_wconf 87' lang='lat' dir='ltr'>disserunt</span> <span class='ocrx_word' id='word_1_137' title='bbox 633 1573 1036 1616; x_wconf 87' lang='lat' dir='ltr'>remotissimam.</span> <span class='ocrx_word' id='word_1_138' title='bbox 1106 1570 1443 1616; x_wconf 87' lang='lat' dir='ltr'>Definitiones</span> <span class='ocrx_word' id='word_1_139' title='bbox 1478 1572 1612 1616; x_wconf 92' lang='lat' dir='ltr'>enim</span> <span class='ocrx_word' id='word_1_140' title='bbox 1647 1576 1701 1616; x_wconf 93' lang='lat' dir='ltr'>et</span> <span class='ocrx_word' id='word_1_141' title='bbox 1732 1585 1844 1632; x_wconf 88' lang='lat' dir='ltr'>par-</span> 
     </span>
     <span class='ocr_line' id='line_1_20' title="bbox 347 1647 1843 1703; baseline -0.001 -9"><span class='ocrx_word' id='word_1_142' title='bbox 347 1651 570 1703; x_wconf 87' lang='lat' dir='ltr'>titiones,</span> <span class='ocrx_word' id='word_1_143' title='bbox 627 1655 681 1695; x_wconf 90' lang='lat' dir='ltr'>et</span> <span class='ocrx_word' id='word_1_144' title='bbox 734 1647 913 1694; x_wconf 90' lang='lat' dir='ltr'>horum</span> <span class='ocrx_word' id='word_1_145' title='bbox 968 1647 1240 1694; x_wconf 89' lang='lat' dir='ltr'>luminibus</span> <span class='ocrx_word' id='word_1_146' title='bbox 1295 1654 1445 1694; x_wconf 92' lang='lat' dir='ltr'>utens</span> <span class='ocrx_word' id='word_1_147' title='bbox 1500 1650 1677 1702; x_wconf 88' lang='lat' dir='ltr'>oratio,</span> <span class='ocrx_word' id='word_1_148' title='bbox 1733 1654 1843 1693; x_wconf 88' lang='lat' dir='ltr'>tum</span> 
     </span>
     <span class='ocr_line' id='line_1_21' title="bbox 347 1725 1844 1788; baseline 0 -16"><span class='ocrx_word' id='word_1_149' title='bbox 347 1726 699 1772; x_wconf 83' lang='lat' dir='ltr'>similitudines</span> <span class='ocrx_word' id='word_1_150' title='bbox 732 1725 1264 1788; x_wconf 85' lang='lat' dir='ltr'>dissimilitudinesque</span> <span class='ocrx_word' id='word_1_151' title='bbox 1299 1731 1352 1771; x_wconf 90' lang='lat' dir='ltr'>et</span> <span class='ocrx_word' id='word_1_152' title='bbox 1385 1741 1558 1771; x_wconf 90' lang='lat' dir='ltr'>earum</span> <span class='ocrx_word' id='word_1_153' title='bbox 1589 1728 1758 1771; x_wconf 89' lang='lat' dir='ltr'>tenuis</span> <span class='ocrx_word' id='word_1_154' title='bbox 1791 1731 1844 1772; x_wconf 84' lang='lat' dir='ltr'>et</span> 
     </span>
     <span class='ocr_line' id='line_1_22' title="bbox 348 1801 1844 1850; baseline 0.001 -1"><span class='ocrx_word' id='word_1_155' title='bbox 348 1811 497 1850; x_wconf 90' lang='lat' dir='ltr'>acuta</span> <span class='ocrx_word' id='word_1_156' title='bbox 529 1804 786 1850; x_wconf 91' lang='lat' dir='ltr'>distinctio</span> <span class='ocrx_word' id='word_1_157' title='bbox 820 1803 1086 1849; x_wconf 87' lang='lat' dir='ltr'>fidentium</span> <span class='ocrx_word' id='word_1_158' title='bbox 1121 1810 1199 1849; x_wconf 88' lang='lat' dir='ltr'>est</span> <span class='ocrx_word' id='word_1_159' title='bbox 1231 1801 1491 1849; x_wconf 89' lang='lat' dir='ltr'>hominum</span> <span class='ocrx_word' id='word_1_160' title='bbox 1523 1801 1608 1848; x_wconf 87' lang='lat' dir='ltr'>illa</span> <span class='ocrx_word' id='word_1_161' title='bbox 1639 1818 1758 1848; x_wconf 88' lang='lat' dir='ltr'>vera</span> <span class='ocrx_word' id='word_1_162' title='bbox 1790 1809 1844 1850; x_wconf 82' lang='lat' dir='ltr'>et</span> 
     </span>
     <span class='ocr_line' id='line_1_23' title="bbox 347 1882 1843 1944; baseline -0.001 -17"><span class='ocrx_word' id='word_1_163' title='bbox 347 1882 490 1927; x_wconf 83' lang='lat' dir='ltr'>firma</span> <span class='ocrx_word' id='word_1_164' title='bbox 528 1887 582 1927; x_wconf 92' lang='lat' dir='ltr'>et</span> <span class='ocrx_word' id='word_1_165' title='bbox 619 1887 760 1927; x_wconf 89' lang='lat' dir='ltr'>certa</span> <span class='ocrx_word' id='word_1_166' title='bbox 798 1896 907 1927; x_wconf 90' lang='lat' dir='ltr'>esse</span> <span class='ocrx_word' id='word_1_167' title='bbox 946 1896 1077 1944; x_wconf 86' lang='lat' dir='ltr'>quae</span> <span class='ocrx_word' id='word_1_168' title='bbox 1115 1887 1368 1936; x_wconf 87' lang='lat' dir='ltr'>tutentur,</span> <span class='ocrx_word' id='word_1_169' title='bbox 1406 1896 1508 1926; x_wconf 91' lang='lat' dir='ltr'>non</span> <span class='ocrx_word' id='word_1_170' title='bbox 1547 1896 1719 1926; x_wconf 90' lang='lat' dir='ltr'>eorum</span> <span class='ocrx_word' id='word_1_171' title='bbox 1758 1883 1843 1943; x_wconf 93' lang='lat' dir='ltr'>qui</span> 
     </span>
     <span class='ocr_line' id='line_1_24' title="bbox 347 1955 1844 2021; baseline -0.001 -16"><span class='ocrx_word' id='word_1_172' title='bbox 347 1958 568 2005; x_wconf 83' lang='lat' dir='ltr'>clament</span> <span class='ocrx_word' id='word_1_173' title='bbox 590 1957 743 2004; x_wconf 90' lang='lat' dir='ltr'>nihilo</span> <span class='ocrx_word' id='word_1_174' title='bbox 767 1961 928 2021; x_wconf 85' lang='lat' dir='ltr'>magis</span> <span class='ocrx_word' id='word_1_175' title='bbox 951 1974 1071 2004; x_wconf 86' lang='lat' dir='ltr'>vera</span> <span class='ocrx_word' id='word_1_176' title='bbox 1093 1957 1177 2004; x_wconf 84' lang='lat' dir='ltr'>illa</span> <span class='ocrx_word' id='word_1_177' title='bbox 1201 1974 1309 2004; x_wconf 90' lang='lat' dir='ltr'>esse</span> <span class='ocrx_word' id='word_1_178' title='bbox 1334 1974 1487 2020; x_wconf 90' lang='lat' dir='ltr'>quam</span> <span class='ocrx_word' id='word_1_179' title='bbox 1509 1955 1649 2004; x_wconf 88' lang='lat' dir='ltr'>falsa.</span> <span class='ocrx_word' id='word_1_180' title='bbox 1708 1956 1844 2015; x_wconf 84' lang='lat' dir='ltr'>Quid</span> 
     </span>
     <span class='ocr_line' id='line_1_25' title="bbox 348 2035 1844 2099; baseline -0.001 -16"><span class='ocrx_word' id='word_1_181' title='bbox 348 2039 482 2083; x_wconf 87' lang='lat' dir='ltr'>enim</span> <span class='ocrx_word' id='word_1_182' title='bbox 527 2043 684 2099; x_wconf 85' lang='lat' dir='ltr'>agant</span> <span class='ocrx_word' id='word_1_183' title='bbox 727 2039 784 2091; x_wconf 89' lang='lat' dir='ltr'>si,</span> <span class='ocrx_word' id='word_1_184' title='bbox 828 2052 943 2082; x_wconf 91' lang='lat' dir='ltr'>cum</span> <span class='ocrx_word' id='word_1_185' title='bbox 987 2035 1176 2098; x_wconf 90' lang='lat' dir='ltr'>aliquid</span> <span class='ocrx_word' id='word_1_186' title='bbox 1219 2035 1524 2091; x_wconf 87' lang='lat' dir='ltr'>definierint,</span> <span class='ocrx_word' id='word_1_187' title='bbox 1567 2041 1716 2098; x_wconf 88' lang='lat' dir='ltr'>roget</span> <span class='ocrx_word' id='word_1_188' title='bbox 1759 2050 1844 2082; x_wconf 91' lang='lat' dir='ltr'>eos</span> 
     </span>
     <span class='ocr_line' id='line_1_26' title="bbox 347 2112 1843 2177; baseline -0.002 -16"><span class='ocrx_word' id='word_1_189' title='bbox 347 2117 596 2177; x_wconf 87' lang='lat' dir='ltr'>quispiam</span> <span class='ocrx_word' id='word_1_190' title='bbox 620 2131 741 2159; x_wconf 91' lang='lat' dir='ltr'>num</span> <span class='ocrx_word' id='word_1_191' title='bbox 764 2113 848 2159; x_wconf 89' lang='lat' dir='ltr'>illa</span> <span class='ocrx_word' id='word_1_192' title='bbox 871 2113 1099 2160; x_wconf 89' lang='lat' dir='ltr'>definitio</span> <span class='ocrx_word' id='word_1_193' title='bbox 1123 2116 1281 2175; x_wconf 87' lang='lat' dir='ltr'>possit</span> <span class='ocrx_word' id='word_1_194' title='bbox 1303 2116 1355 2158; x_wconf 94' lang='lat' dir='ltr'>in</span> <span class='ocrx_word' id='word_1_195' title='bbox 1379 2112 1528 2158; x_wconf 88' lang='lat' dir='ltr'>aliam</span> <span class='ocrx_word' id='word_1_196' title='bbox 1550 2128 1658 2158; x_wconf 90' lang='lat' dir='ltr'>rem</span> <span class='ocrx_word' id='word_1_197' title='bbox 1682 2119 1843 2158; x_wconf 86' lang='lat' dir='ltr'>trans-</span> 
     </span>
     <span class='ocr_line' id='line_1_27' title="bbox 347 2189 1842 2254; baseline -0.001 -17"><span class='ocrx_word' id='word_1_198' title='bbox 347 2190 466 2237; x_wconf 88' lang='lat' dir='ltr'>ferri</span> <span class='ocrx_word' id='word_1_199' title='bbox 512 2190 852 2254; x_wconf 90' lang='lat' dir='ltr'>quamlubet?</span> <span class='ocrx_word' id='word_1_200' title='bbox 931 2189 981 2237; x_wconf 90' lang='lat' dir='ltr'>Si</span> <span class='ocrx_word' id='word_1_201' title='bbox 1028 2207 1174 2253; x_wconf 91' lang='lat' dir='ltr'>posse</span> <span class='ocrx_word' id='word_1_202' title='bbox 1222 2191 1460 2246; x_wconf 86' lang='lat' dir='ltr'>dixerint,</span> <span class='ocrx_word' id='word_1_203' title='bbox 1507 2189 1630 2253; x_wconf 88' lang='lat' dir='ltr'>quid</span> <span class='ocrx_word' id='word_1_204' title='bbox 1674 2189 1842 2236; x_wconf 84' lang='lat' dir='ltr'>dicere</span> 
     </span>
     <span class='ocr_line' id='line_1_28' title="bbox 346 2267 1842 2330; baseline -0.001 -15"><span class='ocrx_word' id='word_1_205' title='bbox 346 2268 572 2315; x_wconf 88' lang='lat' dir='ltr'>habeant</span> <span class='ocrx_word' id='word_1_206' title='bbox 610 2285 697 2315; x_wconf 92' lang='lat' dir='ltr'>cur</span> <span class='ocrx_word' id='word_1_207' title='bbox 735 2267 819 2314; x_wconf 89' lang='lat' dir='ltr'>illa</span> <span class='ocrx_word' id='word_1_208' title='bbox 858 2284 977 2314; x_wconf 87' lang='lat' dir='ltr'>vera</span> <span class='ocrx_word' id='word_1_209' title='bbox 1015 2268 1242 2314; x_wconf 83' lang='lat' dir='ltr'>definitio</span> <span class='ocrx_word' id='word_1_210' title='bbox 1282 2268 1388 2314; x_wconf 86' lang='lat' dir='ltr'>sit?</span> <span class='ocrx_word' id='word_1_211' title='bbox 1446 2269 1486 2314; x_wconf 94' lang='lat' dir='ltr'>si</span> <span class='ocrx_word' id='word_1_212' title='bbox 1526 2269 1842 2330; x_wconf 84' lang='lat' dir='ltr'>negaverint,</span> 
     </span>
     <span class='ocr_line' id='line_1_29' title="bbox 348 2342 1840 2408; baseline -0.001 -16"><span class='ocrx_word' id='word_1_213' title='bbox 348 2345 613 2392; x_wconf 84' lang='lat' dir='ltr'>fatendum</span> <span class='ocrx_word' id='word_1_214' title='bbox 634 2349 716 2401; x_wconf 91' lang='lat' dir='ltr'>sit,</span> <span class='ocrx_word' id='word_1_215' title='bbox 737 2348 974 2408; x_wconf 88' lang='lat' dir='ltr'>quoniam</span> <span class='ocrx_word' id='word_1_216' title='bbox 995 2345 1073 2391; x_wconf 80' lang='lat' dir='ltr'>vel</span> <span class='ocrx_word' id='word_1_217' title='bbox 1096 2345 1179 2390; x_wconf 85' lang='lat' dir='ltr'>illa</span> <span class='ocrx_word' id='word_1_218' title='bbox 1198 2361 1317 2390; x_wconf 88' lang='lat' dir='ltr'>vera</span> <span class='ocrx_word' id='word_1_219' title='bbox 1335 2345 1562 2391; x_wconf 77' lang='lat' dir='ltr'>definitio</span> <span class='ocrx_word' id='word_1_220' title='bbox 1581 2342 1840 2390; x_wconf 86' lang='lat' dir='ltr'>transferri</span> 
     </span>
    </p>
   </div>
   <div class='ocr_carea' id='block_1_4' title="bbox 349 2499 1839 2668">
    <p class='ocr_par' dir='ltr' id='par_1_4' title="bbox 349 2499 1839 2668">
     <span class='ocr_line' id='line_1_30' title="bbox 405 2499 1839 2550; baseline -0.001 -9"><span class='ocrx_word' id='word_1_221' title='bbox 405 2508 422 2526; x_wconf 82' lang='lat'>‘¹</span> <span class='ocrx_word' id='word_1_222' title='bbox 453 2501 658 2550; x_wconf 69' lang='lat' dir='ltr'>Lumina,</span> <span class='ocrx_word' id='word_1_223' title='bbox 682 2515 710 2542; x_wconf 90' lang='lat' dir='ltr'>a</span> <span class='ocrx_word' id='word_1_224' title='bbox 735 2500 952 2542; x_wconf 86' lang='lat' dir='ltr'>technical</span> <span class='ocrx_word' id='word_1_225' title='bbox 978 2504 1089 2541; x_wconf 89' lang='lat' dir='ltr'>term</span> <span class='ocrx_word' id='word_1_226' title='bbox 1119 2500 1168 2541; x_wconf 91' lang='lat' dir='ltr'>of</span> <span class='ocrx_word' id='word_1_227' title='bbox 1193 2501 1395 2548; x_wconf 84' lang='lat' dir='ltr'>rhetoric,</span> <span class='ocrx_word' id='word_1_228' title='bbox 1419 2500 1527 2541; x_wconf 87' lang='lat' dir='ltr'>used</span> <span class='ocrx_word' id='word_1_229' title='bbox 1555 2503 1602 2540; x_wconf 93' lang='lat' dir='ltr'>to</span> <span class='ocrx_word' id='word_1_230' title='bbox 1629 2499 1839 2540; x_wconf 86' lang='lat' dir='ltr'>translate</span> 
     </span>
     <span class='ocr_line' id='line_1_31' title="bbox 349 2559 559 2606; baseline 0.01 -10"><span class='ocrx_word' id='word_1_231' title='bbox 349 2559 559 2606; x_wconf 84' lang='grc' dir='ltr'>σχήματα.</span> 
     </span>
     <span class='ocr_line' id='line_1_32' title="bbox 352 2625 448 2668; baseline -0.021 0"><span class='ocrx_word' id='word_1_232' title='bbox 352 2625 448 2668; x_wconf 72' lang='grc'>520</span> 
     </span>
    </p>
   </div>
  </div>
 </body>
</html>
