1853 3001
837 133 1089 182 CICERO

217 263 533 330 philosophia
558 266 688 310 ratio
716 270 892 310 contra
919 266 1088 310 omnia
1114 262 1394 310 disserendi
1418 261 1713 326 nullamque

217 363 327 394 rem
353 352 531 409 aperte
556 344 812 391 iudicandi
836 342 1067 406 profecta
1093 360 1122 390 a
1147 342 1373 399 Socrate,
1397 346 1621 406 repetita
1646 343 1711 390 ab

220 427 463 483 Arcesila,
498 426 796 473 confirmata
830 442 860 471 a
895 424 1158 472 Carneade
1193 441 1354 488 usque
1390 425 1456 473 ad
1489 431 1714 472 nostram

220 512 381 573 viguit
419 514 682 562 aetatem3
739 523 892 569 quam
929 522 1063 552 nunc
1098 522 1257 569 prope
1294 505 1503 553 modum
1539 506 1716 553 orbam

221 607 331 638 esse
350 593 403 636 in
421 592 531 651 ipsa
553 588 766 634 Graecia
785 586 1044 651 intellego.
1114 586 1265 645 Quod
1284 603 1385 633 non
1405 586 1716 634 Academiae

220 675 342 718 vitio
361 670 451 717 sed
469 670 716 716 tarditate
734 667 996 715 hominum
1016 667 1230 714 arbitror
1252 670 1524 731 contigisse
1543 682 1556 722 ;
1596 683 1716 715 nam

220 755 261 800 si
286 750 507 815 singulas
533 749 818 812 disciplinas
844 752 1105 811 percipere
1130 765 1374 812 magnum
1401 755 1497 804 est,
1523 754 1717 811 quanto

219 837 381 880 maius
422 835 582 879 omnis
605 831 623 877 ?
683 831 820 894 quod
859 829 1027 876 facere
1067 833 1125 876 iis
1166 846 1373 876 necesse
1415 836 1494 876 est
1534 829 1716 892 quibus

219 917 535 978 propositum
559 919 638 959 est
661 915 767 958 veri
790 911 1077 974 reperiendi
1101 927 1253 957 causa
1277 918 1331 957 et
1355 918 1532 957 contra
1555 912 1717 957 omnis

144 999 195 1039 12
218 989 541 1055 philosophos
566 997 619 1036 et
641 1006 732 1052 pro
756 990 988 1035 omnibus
1012 988 1195 1035 dicere.
1265 987 1419 1035 Cuius
1441 991 1514 1034 rei
1537 994 1717 1034 tantae

220 1081 431 1135 tamque
457 1070 666 1118 difficilis
691 1069 991 1117 facultatem
1017 1076 1346 1116 consecutum
1372 1085 1481 1116 esse
1506 1084 1590 1116 me
1615 1084 1716 1115 non

219 1154 477 1218 profiteor,
513 1159 746 1199 secutum
783 1167 892 1198 esse
927 1167 1051 1214 prae
1086 1167 1170 1197 me
1205 1149 1328 1198 fero.
1398 1150 1506 1197 Nec
1540 1156 1716 1197 tamen

221 1236 329 1283 fieri
353 1241 527 1298 potest
552 1241 611 1281 ut
637 1236 723 1297 qui
748 1232 843 1279 hac
868 1235 1065 1279 ratione
1091 1230 1510 1295 philosophentur
1533 1233 1568 1277 ii
1594 1228 1718 1277 nihil

220 1316 447 1364 habeant
489 1315 626 1379 quod
667 1321 960 1377 sequantur.
1031 1313 1241 1360 Dictum
1284 1320 1363 1360 est
1404 1315 1608 1360 omnino
1650 1311 1715 1360 de

221 1397 315 1445 hac
343 1414 398 1444 re
429 1396 526 1443 alio
555 1395 663 1442 loco
693 1395 1003 1459 diligentius2
1033 1395 1124 1442 sed
1154 1397 1272 1458 quia
1300 1397 1447 1440 nimis
1476 1380 1716 1440 indociles

221 1479 428 1544 quidam
462 1478 698 1540 tardique
733 1484 852 1523 sunt
887 1476 1194 1523 admonendi
1228 1475 1464 1522 videntur
1497 1477 1713 1538 saepius.

223 1561 337 1608 Non
363 1563 497 1606 enim
522 1575 693 1605 sumus
717 1560 751 1603 ii
777 1558 958 1621 quibus
983 1556 1107 1603 nihil
1131 1573 1306 1603 verum
1332 1572 1441 1602 esse
1466 1555 1717 1611 videatur,

222 1642 314 1690 sed
353 1645 387 1688 ii
429 1643 516 1704 qui
558 1640 790 1686 omnibus
832 1642 961 1685 veris
1008 1636 1135 1684 falsa
1182 1637 1435 1701 quaedam
1476 1636 1717 1684 adiuncta

223 1739 333 1771 esse
369 1723 593 1769 dicamus
629 1727 778 1767 tanta
813 1718 1141 1766 similitudine
1174 1726 1233 1766 ut
1261 1721 1313 1764 in
1344 1721 1403 1764 iis
1431 1716 1569 1764 nulla
1596 1719 1716 1764 insit

221 1811 363 1852 certa
383 1802 639 1850 iudicandi
663 1808 716 1847 et
740 1800 1061 1848 adsentiendi
1083 1807 1220 1847 nota.
1289 1799 1368 1846 Ex
1392 1815 1492 1862 quo
1516 1801 1716 1845 exstitit

221 1885 360 1941 illud,
380 1884 543 1930 multa
563 1898 671 1929 esse
690 1881 988 1945 probabilia,
1004 1897 1136 1945 quae
1155 1896 1466 1944 quamquam
1484 1896 1585 1926 non
1603 1895 1716 1942 per-

223 1971 530 2029 ciperentur,
568 1971 761 2019 tamen,
801 1965 920 2026 quia
962 1965 1122 2009 visum
1165 1961 1422 2025 quendam
1463 1959 1715 2007 haberent

221 2051 472 2111 insignem
495 2052 549 2092 et
569 2044 834 2091 inlustrem
855 2046 914 2090 iis
937 2045 1179 2106 sapientis
1201 2045 1306 2089 vita
1326 2047 1607 2106 regeretur.

148 2137 199 2177 13
286 2128 374 2174 VI.
411 2126 512 2173 Sed
540 2129 659 2181 iam,
690 2132 748 2171 ut
778 2127 914 2171 omni
943 2140 1026 2170 me
1055 2124 1243 2170 invidia
1271 2122 1500 2178 liberem,
1528 2137 1714 2185 ponam

221 2214 273 2257 in
291 2209 459 2255 medio
477 2210 759 2253 sententias
775 2204 1183 2268 philosophorum
1204 2204 1268 2251 de
1286 2210 1470 2250 natura
1482 2203 1713 2251 deorum.

289 2319 307 2338 ⁰
335 2313 428 2353 The
449 2312 591 2353 Stoics
612 2324 668 2351 on
693 2311 766 2351 the
786 2314 994 2362 contrary
1016 2308 1116 2350 held
1142 2309 1240 2349 that
1260 2312 1355 2349 true
1373 2308 1618 2348 sensations
1636 2319 1712 2347 are

233 2365 554 2419 distinguished
578 2366 695 2405 from
715 2364 823 2405 false
844 2378 949 2405 ones
974 2363 1033 2416 by
1053 2377 1111 2403 an
1131 2362 1343 2403 infallible
1363 2360 1491 2402 mark
1512 2361 1712 2413 (σημεῖον,

226 2428 343 2469 nota,
373 2420 568 2473 siynum)
591 2418 681 2459 and
709 2418 948 2459 command
977 2431 1058 2458 our
1087 2418 1335 2457 instinctive
1359 2419 1507 2456 assent
1530 2418 1578 2456 to
1599 2414 1711 2455 their

229 2476 364 2517 truth.

236 2547 255 2587 1
265 2547 295 2587 4
