1919 3006
935 174 1186 222 CICERO

212 312 286 352 101
313 302 575 366 quidem);
631 309 685 350 et
722 319 1074 366 quaecumque
1110 319 1191 350 res
1229 319 1347 350 eum
1383 306 1453 351 sic
1490 306 1715 367 attinget
1750 311 1809 352 ut

313 388 378 431 sit
414 388 574 430 visum
609 383 732 430 illud
768 383 1028 446 probabile
1061 400 1228 447 neque
1265 383 1366 431 ulla
1399 400 1456 431 re
1488 385 1809 447 impeditum,

312 466 611 512 movebitur.
690 465 804 511 Non
847 468 981 511 enim
1025 471 1104 511 est
1146 481 1174 511 e
1217 481 1338 511 saxo
1380 464 1604 528 sculptus
1646 472 1737 513 aut
1777 481 1808 513 e

312 547 490 593 robore
554 545 788 602 dolatus;
867 545 1026 592 habet
1087 562 1283 608 corpus,
1344 544 1503 593 habet
1566 549 1806 602 animum,

312 635 544 674 movetur
579 635 771 682 mente,
805 634 1038 673 movetur
1074 628 1319 683 sensibus,
1353 634 1412 674 ut
1446 633 1574 674 essel
1610 631 1656 674 ei
1688 643 1809 674 vera

312 709 474 756 multa
493 709 778 763 videantur,
798 725 966 771 neque
991 715 1167 755 tamen
1185 707 1374 755 habere
1397 712 1648 773 insignem
1671 708 1809 756 illam

314 798 367 837 et
407 793 663 853 propriam
723 789 1034 852 percipiendi
1087 797 1279 846 notam,
1322 806 1484 852 eoque
1525 793 1810 853 sapientem

313 889 413 919 non
456 873 713 928 adsentiri,
757 875 876 934 quia
915 874 1074 934 possit
1117 872 1344 919 eiusdem
1385 871 1521 918 modi
1565 875 1810 920 exsistere

312 954 493 1001 falsum
530 953 733 1017 aliquod
767 957 906 1000 cuius
942 954 1077 1000 modi
1113 952 1207 1000 hoc
1242 969 1431 1001 verum.
1502 953 1683 1017 Neque
1719 970 1810 1002 nos

311 1044 486 1083 contra
509 1052 683 1083 sensus
708 1035 854 1082 aliter
877 1035 1087 1082 dicimus
1113 1051 1170 1082 ac
1194 1034 1364 1091 Stoici,
1390 1038 1475 1098 qui
1498 1035 1661 1082 multa
1683 1034 1810 1083 falsa.

312 1135 422 1166 esse
463 1119 637 1165 dicunt
677 1116 930 1182 longeque
973 1116 1119 1164 aliter
1158 1133 1212 1164 se
1252 1116 1442 1164 habere
1483 1133 1541 1164 ac
1580 1118 1809 1165 sensibus

311 1201 591 1248 videantur.

373 1280 591 1329 XXXII.
630 1279 793 1327 “Hoc
834 1288 1008 1328 autem
1047 1282 1088 1328 si
1126 1282 1201 1327 ita
1239 1283 1322 1337 sit,
1362 1287 1421 1328 ut
1459 1297 1617 1327 unum
1655 1280 1807 1329 modo

309 1365 537 1412 sensibus
566 1361 748 1409 falsum
777 1363 1026 1418 videatur,
1055 1369 1259 1425 praesto
1290 1369 1369 1409 est
1398 1365 1483 1425 qui
1512 1369 1671 1426 neget
1697 1379 1807 1410 rem

309 1445 463 1492 ullam
495 1447 684 1507 percipi
716 1461 863 1507 posse
897 1444 1158 1491 sensibus!
1227 1443 1310 1491 Ita
1341 1444 1484 1491 nobis
1517 1445 1806 1492 tacentibus

309 1544 374 1575 ex
417 1544 516 1574 uno
559 1527 762 1588 Epicuri
805 1529 990 1588 capite,
1035 1526 1194 1573 altero
1237 1533 1406 1572 vestro
1447 1529 1708 1589 perceptio
1752 1533 1806 1574 et

309 1607 690 1671 comprehensio
739 1607 946 1655 tollitur.
1031 1607 1181 1665 Quod
1231 1614 1309 1654 est
1357 1614 1511 1670 caput
1558 1607 1804 1670 Epicuri?

309 1690 319 1707 ‘
344 1690 394 1738 Si
442 1690 598 1736 ullum
645 1706 819 1737 sensus
867 1692 1027 1736 visum
1074 1687 1257 1735 falsum
1305 1696 1401 1744 est,
1446 1688 1570 1735 nihil
1614 1692 1804 1752 percipi

309 1770 515 1837 potest.'
583 1771 733 1830 Quod
767 1771 1033 1818 vestrum?
1099 1768 1112 1788 ‘
1136 1769 1265 1817 Sunt
1298 1769 1425 1817 falsa
1458 1787 1632 1819 sensus
1665 1769 1805 1818 visa.'

309 1854 444 1913 Quid
472 1853 740 1916 sequitur?
803 1852 878 1899 Ut
907 1859 1123 1908 taceam,
1152 1851 1402 1899 conclusio
1437 1855 1547 1915 ipsa
1581 1851 1805 1916 loquitur

308 1935 430 1983 nihil
448 1951 594 1998 posse
612 1937 817 1997 percipi.
872 1933 882 1950 ‘
908 1933 1021 1980 Non
1041 1932 1296 1989 concedo,'
1315 1936 1497 1996 inquit,
1517 1932 1527 1949 ‘
1551 1932 1804 1997 Epicuro.’

309 2018 463 2065 Certa
484 2020 639 2081 igitur
663 2033 777 2063 cum
800 2014 901 2071 illo,
927 2019 1011 2078 qui
1038 2032 1067 2062 a
1090 2022 1144 2062 te
1169 2022 1308 2062 totus
1333 2015 1557 2062 diversus
1583 2022 1678 2071 est,
1703 2015 1803 2063 noli

308 2116 524 2154 mecum,
559 2100 644 2160 qui
677 2096 772 2144 hoc
807 2097 1012 2159 quidem
1047 2103 1204 2152 certe,
1238 2094 1349 2143 falsi
1385 2112 1493 2143 esse
1529 2095 1718 2159 aliquid
1749 2099 1802 2143 in

210 2192 287 2231 102
310 2181 553 2235 sensibus,
582 2180 675 2226 tibi
706 2178 975 2224 adsentior.
1041 2176 1363 2240 Quamquam
1392 2176 1515 2223 nihil
1542 2177 1663 2224 mihi
1693 2184 1800 2225 tam

307 2265 489 2308 mirum
520 2260 721 2307 videtur
753 2275 905 2322 quam
937 2261 1035 2305 ista
1067 2259 1180 2314 dici,
1214 2258 1277 2305 ab
1309 2256 1562 2305 Antiocho
1594 2259 1796 2321 quidem

839 2381 854 2405 ²
885 2394 979 2422 esse
1000 2380 1189 2421 inseruit
1209 2380 1274 2421 ed.

347 2538 366 2557 ⁶
397 2533 483 2580 i.e.,
508 2528 735 2576 Lucullus,
755 2528 903 2569 whom
924 2528 1077 2569 Cicero
1098 2529 1133 2568 is
1153 2527 1428 2580 addressing,
1449 2527 1505 2580 cs.
1528 2532 1570 2577 ἐξ
1589 2531 1660 2576 80,
1680 2530 1749 2571 94.

278 2603 373 2651 596
