1919 3006
983 173 1236 221 CICERO

364 303 627 359 fluctuare,
659 305 960 366 praesertim
994 319 1107 349 cum
1141 305 1190 348 in
1226 319 1285 348 eo
1319 319 1516 349 summa
1547 306 1862 360 consisteret,

363 381 492 429 hanc
537 384 672 428 enim
717 397 826 428 6556
868 380 1098 444 regulam
1141 383 1299 427 totius
1342 379 1707 444 philosophiae,
1749 397 1863 429 con-

363 462 685 506 stitutionem
710 461 813 504 veri
844 456 974 513 falsi,
999 461 1188 521 cogniti
1223 460 1497 521 incogniti3
1536 474 1690 522 quam
1712 461 1864 506 ratio-

364 553 481 583 nem
525 539 764 599 quoniam
806 538 1138 598 susciperent,
1175 535 1461 598 docereque
1502 535 1693 583 vellent
1733 551 1865 599 quae

365 617 468 660 visa
524 615 680 676 accipi
734 619 1013 676 oporteret,
1068 629 1200 676 quae
1252 612 1525 676 repudiari,
1579 619 1718 660 certe
1770 612 1866 660 hoc

364 694 529 753 ipsum
578 707 640 737 ex
688 707 788 753 quo
835 706 985 737 omne
1032 693 1137 736 veri
1183 688 1398 753 falsique
1443 690 1684 737 iudicium
1732 698 1867 737 esset

364 771 627 831 percipere
684 784 768 814 eos
825 768 1097 823 debuisse;
1173 770 1365 814 etenim
1420 767 1521 815 duo
1578 784 1687 814 6556
1741 766 1868 814 haec

363 849 587 892 maxima
612 848 664 891 in
691 844 1024 908 philosophia,
1052 845 1293 892 iudicium
1320 847 1425 891 veri
1453 852 1507 892 et
1533 844 1687 892 finem
1712 845 1868 892 bono-

364 939 493 978 rum,
527 939 619 969 nec
652 926 938 985 sapientem
969 938 1117 985 posse
1151 939 1261 969 esse
1293 925 1379 985 qui
1413 929 1502 969 aut
1533 922 1868 986 cognoscendi

367 1016 476 1047 esse
519 1003 720 1047 initium
763 1004 966 1063 ignoret
1009 1007 1098 1047 aut
1142 1007 1431 1047 extremum
1475 1000 1769 1062 expetendi,
1812 1007 1870 1046 ut

367 1085 456 1124 aut
502 1078 637 1125 unde
684 1078 1029 1140 proficiscatur
1076 1084 1166 1124 aut
1212 1094 1312 1140 quo
1358 1077 1759 1139 perveniendum
1805 1080 1871 1123 sit

366 1158 595 1211 nesciat;
647 1154 773 1201 haec
809 1162 983 1202 autem
1016 1154 1206 1201 habere
1242 1155 1396 1201 dubia
1430 1171 1523 1200 nec
1556 1157 1614 1201 iis
1649 1157 1723 1201 ita
1755 1170 1871 1200 con-

368 1232 524 1279 fidere
559 1240 616 1279 ut
649 1236 839 1279 moveri
873 1249 973 1279 non
1005 1236 1219 1295 possintl
1254 1231 1525 1279 abhorrere
1559 1248 1589 1278 a
1620 1235 1871 1294 sapientia

367 1310 677 1373 plurimum.2
756 1310 867 1357 Hoc
913 1313 1068 1374 igitur
1117 1310 1267 1357 modo
1313 1313 1481 1373 potius
1529 1316 1640 1356 erat
1685 1310 1749 1356 ab
1793 1308 1870 1357 his

367 1388 728 1450 postulandum
750 1395 809 1434 ut
830 1387 924 1434 hoc
947 1405 1103 1434 unum
1127 1387 1326 1443 saltem,
1349 1390 1538 1449 percipi
1562 1385 1684 1433 nihil
1705 1403 1870 1449 posse,

367 1472 668 1527 perceptum
695 1482 804 1511 esse
830 1466 1073 1512 dicerent.
1134 1464 1234 1512 Sed
1259 1465 1323 1512 de
1347 1467 1690 1511 inconstantia
1713 1467 1870 1511 totius

368 1542 565 1589 illorum
597 1546 904 1598 sententiae,
937 1546 976 1589 si
1010 1542 1110 1589 ulla
1142 1545 1401 1589 sententia
1432 1545 1728 1605 cuiusquam
1761 1557 1872 1588 esse

368 1626 542 1683 potest
570 1619 693 1666 nihil
724 1621 1068 1682 adprobantis,
1099 1623 1165 1666 sit
1198 1626 1273 1666 ut³
1305 1622 1480 1682 opinor
1509 1619 1702 1666 dictum
1731 1621 1868 1666 satis,

291 1703 345 1743 30
433 1697 494 1743 X.
534 1696 561 1713 “
586 1696 826 1760 Sequitur
863 1697 1140 1760 disputatio
1183 1700 1384 1759 copiosa
1419 1695 1503 1742 illa
1539 1696 1745 1760 quidem
1781 1696 1871 1743 sed

368 1774 518 1837 paulo
532 1774 1029 1822 abstrusior—habet
1048 1778 1182 1821 enim
1200 1774 1516 1838 aliquantum
1533 1772 1871 1837 aphysicis,—

371 1860 429 1898 ut
460 1868 635 1899 verear
666 1869 729 1899 ne
760 1856 1003 1899 maiorem
1034 1852 1217 1916 largiar
1248 1855 1293 1898 ei
1325 1855 1410 1915 qui
1441 1858 1618 1899 contra
1647 1850 1870 1898 dicturus

373 1936 451 1976 est
476 1929 769 1977 libertatem
799 1938 851 1977 et
877 1930 1152 1985 licentiam,
1180 1946 1297 1975 nam
1325 1929 1448 1992 quid
1474 1944 1591 1976 eum
1616 1926 1869 1974 facturum

372 2014 550 2068 putem
575 2007 638 2054 de
666 2007 849 2054 abditis
874 2008 1025 2054 rebus
1052 2015 1105 2054 et
1130 2008 1350 2054 obscuris
1376 2009 1458 2069 qui
1484 2005 1650 2053 lucem
1675 2008 1870 2068 eripere

372 2085 625 2132 conetur?
693 2084 793 2131 Sed
839 2085 1085 2147 disputari
1131 2091 1335 2147 poterat
1380 2082 1634 2131 subtiliter
1678 2089 1869 2146 quanto

978 2192 993 2216 1
1024 2193 1163 2244 possit
1182 2193 1202 2232 ἒ
1220 2192 1285 2231 ed.

821 2246 837 2271 ²
867 2253 1050 2298 (quam)
1071 2245 1312 2297 plurimum
1332 2248 1352 2286 ?
1367 2245 1432 2286 ed.

866 2301 883 2326 ³
913 2302 969 2340 sit
989 2304 1065 2340 ut:
1099 2303 1164 2340 est
1183 2299 1377 2340 Ernesti.

536 2431 554 2450 ‘¹
582 2427 667 2473 i.e.‚
690 2428 734 2466 in
760 2425 1044 2466 Antiochus’s
1069 2424 1215 2472 Sosus,
1237 2437 1308 2465 see
1331 2429 1351 2472 ἓ
1376 2426 1439 2465 12.
1497 2422 1568 2476 Cf.
1592 2426 1611 2471 ἓ
1633 2425 1703 2464 38.

404 2478 422 2504 υ
458 2479 541 2520 For
561 2479 648 2520 this
670 2480 881 2532 reproach
904 2479 1174 2585 agaicnsgfihie
1194 2478 1392 2573 lSSp-eptics
1413 2477 1470 2530 cf.
1493 2481 1535 2526 ἐξ
1556 2480 1626 2524 38,
1648 2479 1718 2524 61,
1745 2477 1838 2518 109.

374 2602 468 2646 504
