1919 3006
197 375 275 414 104

205 1765 281 1803 105

923 151 1174 200 CICERO

300 285 464 329 inesse
492 285 545 327 in
573 283 631 327 iis
659 283 914 344 propriam
944 296 1075 344 quae
1104 297 1354 344 nusquam
1384 281 1501 329 alibi
1530 289 1666 330 esset
1693 285 1796 330 veri

301 372 353 410 et
398 367 522 410 certi
568 369 757 409 notam.
839 361 984 421 Quae
1029 379 1144 409 cum
1188 366 1522 426 exposuisset,
1567 364 1798 429 adiungit

301 445 568 507 dupliciter
616 444 712 491 dici
761 443 1002 490 adsensus
1050 447 1299 491 sustinere
1348 447 1650 507 sapientem,
1697 462 1797 492 uno

302 528 451 574 modo
491 543 605 573 cum
645 524 739 572 hoc
779 524 1126 588 intellegatur,
1166 529 1369 572 omnino
1411 542 1528 573 eum
1566 529 1639 573 rei
1678 526 1799 573 nulli

302 610 561 664 adsentiri,
600 606 759 653 altero
797 623 912 653 cum
948 623 1002 653 se
1040 623 1070 652 a
1104 607 1459 669 respondendo
1495 614 1554 655 ut
1590 614 1680 654 aut
1716 608 1802 655 ad-

303 691 484 753 probet
510 689 649 753 quid1
677 696 765 735 aut
794 689 1049 751 improbet
1079 692 1347 744 sustineat,
1372 695 1431 736 ut
1454 705 1621 752 neque
1645 696 1803 753 neget

302 772 490 835 aliquid
518 787 686 834 neque
717 773 820 817 aiat
843 785 855 825 3
901 771 954 817 id
982 787 1097 816 cum
1124 773 1199 817 ita
1226 773 1309 826 sit,
1339 770 1556 817 alterum
1584 769 1803 833 placere,

304 862 360 900 ut
385 869 663 916 numquam
690 852 1024 908 adsentiatur,
1046 851 1263 898 alterum
1287 859 1483 907 tenere,
1505 859 1563 899 ut
1587 868 1804 916 sequens

302 934 717 999 probabilitatem
767 935 1073 996 ubicumque
1123 933 1248 980 haec
1298 941 1388 980 aut
1435 941 1667 981 occurrat
1716 940 1805 981 aut

303 1017 506 1064 deficiat
547 1023 636 1062 aut
675 1013 903 1062 ‘etiarn’
945 1022 1034 1062 aut
1073 1014 1083 1031 ‘
1109 1014 1243 1062 non'
1283 1016 1590 1078 respondere
1628 1018 1801 1078 possit.

302 1100 510 1146 Etenim
553 1103 687 1144 cum2
734 1096 936 1159 placeat
983 1113 1101 1143 eum
1144 1100 1230 1160 qui
1273 1097 1337 1144 de
1381 1098 1613 1144 omnibus
1654 1097 1806 1144 rebus

303 1184 565 1228 contineat
595 1195 649 1226 se
681 1180 744 1226 ab
777 1179 1111 1226 adsentiendo
1141 1182 1332 1226 moveri
1362 1185 1539 1225 tamen
1569 1185 1623 1226 et
1653 1193 1806 1242 agere

304 1263 509 1326 aliquid,
542 1260 759 1324 relinqui
796 1263 902 1307 eius
935 1261 1071 1308 modi
1105 1263 1210 1308 visa
1243 1261 1423 1323 quibus
1458 1260 1522 1308 ad
1555 1263 1806 1308 actionem

306 1348 606 1399 excitemur,
649 1346 776 1389 item
820 1358 882 1389 ea
924 1359 1055 1405 quae
1098 1345 1400 1406 interrogati
1441 1344 1495 1388 in
1536 1349 1806 1405 utramque

308 1434 509 1489 partem
529 1424 837 1488 respondere
856 1427 1122 1486 possimus,
1142 1431 1416 1487 sequentes
1436 1430 1640 1471 tantum
1657 1423 1807 1470 modo

305 1508 441 1571 quod
464 1510 539 1553 ita
563 1509 724 1553 visum
750 1508 832 1561 sit,
859 1505 981 1552 dum
1007 1509 1113 1552 sine
1141 1506 1360 1552 adsensu
1382 1520 1395 1562 ;
1437 1521 1606 1568 neque
1631 1511 1806 1552 tamen

308 1592 476 1636 omnia
501 1591 608 1634 eius
633 1588 769 1635 modi
790 1590 895 1634 visa
915 1587 1219 1650 adprobari,³
1240 1588 1330 1635 sed
1349 1604 1411 1634 ea
1436 1603 1567 1650 quae
1592 1586 1729 1633 nulla
1754 1602 1806 1634 re

306 1671 689 1734 impedirentur.

386 1752 529 1798 Haec
577 1754 617 1797 si
664 1751 803 1797 vobis
852 1767 951 1797 non
1005 1751 1294 1814 probamus,
1343 1753 1444 1797 sint
1495 1748 1623 1796 falsa
1665 1765 1805 1806 sane,

306 1834 548 1880 invidiosa
580 1839 718 1880 certe
754 1849 851 1878 non
888 1840 1023 1887 sunt,
1046 1849 1147 1878 non
1182 1836 1317 1878 enim
1349 1830 1515 1878 lucem
1547 1833 1802 1893 eripimus,

306 1916 396 1962 sed
421 1931 482 1961 ea
507 1930 638 1977 quae
663 1931 748 1960 vos
773 1916 963 1976 percipi
990 1912 1471 1976 comprehendique,
1489 1912 1670 1959 eadem
1692 1928 1799 1967 nos,

305 2000 344 2043 si
369 1997 519 2043 modo
543 1994 824 2058 probabilia
848 1998 965 2050 sint,
992 1995 1147 2041 videri
1173 1995 1398 2042 dicimus.

367 2077 614 2124 XXXIII.
653 2076 680 2091 “
706 2075 785 2122 Sic
814 2080 969 2140 igitur
997 2076 1203 2122 inducto
1234 2082 1288 2122 et
1316 2077 1593 2122 constituto
1621 2074 1800 2138 proba-

306 2158 408 2214 bili,
441 2166 494 2206 et
529 2174 588 2206 eo
624 2158 830 2221 quidem
868 2158 1126 2220 expedito,
1159 2156 1340 2212 soluto,
1371 2155 1546 2212 libero,
1580 2154 1716 2202 nulla
1746 2170 1801 2202 re

306 2240 581 2303 implicato,
619 2239 757 2286 vides
795 2237 1040 2301 profecto,
1079 2236 1304 2293 Luculle,
1341 2240 1506 2284 iacere
1542 2239 1643 2282 iam
1679 2234 1799 2282 illud

684 2379 697 2402 ¹
729 2382 777 2418 ut
796 2376 903 2430 quid
925 2381 1004 2417 aut
1023 2375 1240 2428 adprobet
1257 2378 1278 2417 ?
1298 2375 1429 2416 Reid.

639 2433 655 2457 ²
685 2429 1456 2537 Ψῒᾶεῗκξῑέῖὲάῡῑῖιῑξὲοάά·

306 2592 404 2641 600
