<?xml version="1.0" encoding="UTF-8"?>
<!DOCTYPE html PUBLIC "-//W3C//DTD XHTML 1.0 Transitional//EN"
    "http://www.w3.org/TR/xhtml1/DTD/xhtml1-transitional.dtd">
<html xmlns="http://www.w3.org/1999/xhtml" xml:lang="en" lang="en">
 <head>
  <title>
</title>
<meta http-equiv="Content-Type" content="text/html;charset=utf-8" />
  <meta name='ocr-system' content='tesseract 3.04.00' />
  <meta name='ocr-capabilities' content='ocr_page ocr_carea ocr_par ocr_line ocrx_word'/>
</head>
<body>
  <div class='ocr_page' id='page_1' title='image "./denaturadeorumac00ciceuoft_0510.png"; bbox 0 0 1919 3006; ppageno 0'>
   <div class='ocr_carea' id='block_1_1' title="bbox 976 200 1229 248">
    <p class='ocr_par' dir='ltr' id='par_1_1' title="bbox 976 200 1229 248">
     <span class='ocr_line' id='line_1_1' title="bbox 976 200 1229 248; baseline -0.004 0"><span class='ocrx_word' id='word_1_1' title='bbox 976 200 1229 248; x_wconf 85' lang='lat' dir='ltr'>CICERO</span> 
     </span>
    </p>
   </div>
   <div class='ocr_carea' id='block_1_2' title="bbox 287 330 1863 2351">
    <p class='ocr_par' dir='ltr' id='par_1_2' title="bbox 356 330 1852 804">
     <span class='ocr_line' id='line_1_2' title="bbox 356 330 1849 396; baseline -0.001 -16"><span class='ocrx_word' id='word_1_2' title='bbox 356 333 606 396; x_wconf 87' lang='lat' dir='ltr'>liquorum</span> <span class='ocrx_word' id='word_1_3' title='bbox 652 333 936 386; x_wconf 72' lang='lat' dir='ltr'>sententiis,</span> <span class='ocrx_word' id='word_1_4' title='bbox 980 330 1331 377; x_wconf 85' lang='lat' dir='ltr'>iudicaverunt</span> <span class='ocrx_word' id='word_1_5' title='bbox 1377 337 1550 378; x_wconf 90' lang='lat' dir='ltr'>autem</span> <span class='ocrx_word' id='word_1_6' title='bbox 1593 347 1649 378; x_wconf 86' lang='lat' dir='ltr'>re</span> <span class='ocrx_word' id='word_1_7' title='bbox 1692 330 1849 378; x_wconf 88' lang='lat' dir='ltr'>semel</span> 
     </span>
     <span class='ocr_line' id='line_1_3' title="bbox 358 411 1846 477; baseline -0.002 -15"><span class='ocrx_word' id='word_1_8' title='bbox 358 415 533 462; x_wconf 85' lang='lat' dir='ltr'>audita</span> <span class='ocrx_word' id='word_1_9' title='bbox 567 419 742 477; x_wconf 83' lang='lat' dir='ltr'>atquel</span> <span class='ocrx_word' id='word_1_10' title='bbox 772 413 837 459; x_wconf 84' lang='lat' dir='ltr'>ad</span> <span class='ocrx_word' id='word_1_11' title='bbox 864 415 1010 458; x_wconf 90' lang='lat' dir='ltr'>unius</span> <span class='ocrx_word' id='word_1_12' title='bbox 1041 428 1094 459; x_wconf 91' lang='lat' dir='ltr'>se</span> <span class='ocrx_word' id='word_1_13' title='bbox 1121 415 1480 460; x_wconf 87' lang='lat' dir='ltr'>auctoritatem</span> <span class='ocrx_word' id='word_1_14' title='bbox 1508 411 1846 460; x_wconf 87' lang='lat' dir='ltr'>contulerunt.</span> 
     </span>
     <span class='ocr_line' id='line_1_4' title="bbox 356 493 1849 558; baseline -0.003 -14"><span class='ocrx_word' id='word_1_15' title='bbox 356 496 457 544; x_wconf 91' lang='lat' dir='ltr'>Sed</span> <span class='ocrx_word' id='word_1_16' title='bbox 481 498 648 542; x_wconf 88' lang='lat' dir='ltr'>nescio</span> <span class='ocrx_word' id='word_1_17' title='bbox 673 511 772 558; x_wconf 94' lang='lat' dir='ltr'>quo</span> <span class='ocrx_word' id='word_1_18' title='bbox 796 494 946 540; x_wconf 89' lang='lat' dir='ltr'>modo</span> <span class='ocrx_word' id='word_1_19' title='bbox 969 493 1197 557; x_wconf 82' lang='lat' dir='ltr'>plerique</span> <span class='ocrx_word' id='word_1_20' title='bbox 1223 510 1389 541; x_wconf 88' lang='lat' dir='ltr'>errare</span> <span class='ocrx_word' id='word_1_21' title='bbox 1412 493 1610 542; x_wconf 87' lang='lat' dir='ltr'>malunt</span> <span class='ocrx_word' id='word_1_22' title='bbox 1633 509 1849 557; x_wconf 87' lang='lat' dir='ltr'>eamque</span> 
     </span>
     <span class='ocr_line' id='line_1_5' title="bbox 356 574 1851 640; baseline -0.002 -15"><span class='ocrx_word' id='word_1_23' title='bbox 356 580 666 626; x_wconf 76' lang='lat' dir='ltr'>sententiam</span> <span class='ocrx_word' id='word_1_24' title='bbox 697 592 850 639; x_wconf 90' lang='lat' dir='ltr'>quam</span> <span class='ocrx_word' id='word_1_25' title='bbox 881 575 1247 623; x_wconf 89' lang='lat' dir='ltr'>adamaverunt</span> <span class='ocrx_word' id='word_1_26' title='bbox 1275 579 1646 640; x_wconf 85' lang='lat' dir='ltr'>pugnacissime</span> <span class='ocrx_word' id='word_1_27' title='bbox 1676 574 1851 623; x_wconf 91' lang='lat' dir='ltr'>defen-</span> 
     </span>
     <span class='ocr_line' id='line_1_6' title="bbox 357 657 1852 722; baseline -0.001 -16"><span class='ocrx_word' id='word_1_28' title='bbox 357 661 477 707; x_wconf 92' lang='lat' dir='ltr'>dere</span> <span class='ocrx_word' id='word_1_29' title='bbox 498 675 650 722; x_wconf 91' lang='lat' dir='ltr'>quam</span> <span class='ocrx_word' id='word_1_30' title='bbox 669 661 775 704; x_wconf 91' lang='lat' dir='ltr'>sine</span> <span class='ocrx_word' id='word_1_31' title='bbox 793 660 1074 720; x_wconf 77' lang='lat' dir='ltr'>pertinacia</span> <span class='ocrx_word' id='word_1_32' title='bbox 1091 658 1214 721; x_wconf 92' lang='lat' dir='ltr'>quid</span> <span class='ocrx_word' id='word_1_33' title='bbox 1230 661 1637 705; x_wconf 82' lang='lat' dir='ltr'>constantissime</span> <span class='ocrx_word' id='word_1_34' title='bbox 1654 657 1852 705; x_wconf 89' lang='lat' dir='ltr'>dicatur</span> 
     </span>
     <span class='ocr_line' id='line_1_7' title="bbox 357 744 639 804; baseline -0.007 -16"><span class='ocrx_word' id='word_1_35' title='bbox 357 744 639 804; x_wconf 81' lang='lat' dir='ltr'>exquirere.</span> 
     </span>
    </p>

    <p class='ocr_par' dir='ltr' id='par_1_3' title="bbox 358 820 1856 1538">
     <span class='ocr_line' id='line_1_8' title="bbox 424 820 1850 884; baseline -0.001 -15"><span class='ocrx_word' id='word_1_36' title='bbox 424 822 619 881; x_wconf 79' lang='lat' dir='ltr'>Quibus</span> <span class='ocrx_word' id='word_1_37' title='bbox 651 822 714 868; x_wconf 82' lang='lat' dir='ltr'>de</span> <span class='ocrx_word' id='word_1_38' title='bbox 744 821 895 867; x_wconf 88' lang='lat' dir='ltr'>rebus</span> <span class='ocrx_word' id='word_1_39' title='bbox 922 827 976 867; x_wconf 91' lang='lat' dir='ltr'>et</span> <span class='ocrx_word' id='word_1_40' title='bbox 1006 820 1126 867; x_wconf 87' lang='lat' dir='ltr'>alias</span> <span class='ocrx_word' id='word_1_41' title='bbox 1151 837 1304 883; x_wconf 86' lang='lat' dir='ltr'>saepe</span> <span class='ocrx_word' id='word_1_42' title='bbox 1335 822 1477 868; x_wconf 92' lang='lat' dir='ltr'>nobis</span> <span class='ocrx_word' id='word_1_43' title='bbox 1507 820 1668 868; x_wconf 86' lang='lat' dir='ltr'>multa</span> <span class='ocrx_word' id='word_1_44' title='bbox 1697 836 1850 884; x_wconf 89' lang='lat' dir='ltr'>quae-</span> 
     </span>
     <span class='ocr_line' id='line_1_9' title="bbox 358 901 1852 965; baseline -0.003 -14"><span class='ocrx_word' id='word_1_45' title='bbox 358 908 456 951; x_wconf 85' lang='lat' dir='ltr'>sita</span> <span class='ocrx_word' id='word_1_46' title='bbox 482 910 535 950; x_wconf 89' lang='lat' dir='ltr'>et</span> <span class='ocrx_word' id='word_1_47' title='bbox 565 903 827 965; x_wconf 87' lang='lat' dir='ltr'>disputata</span> <span class='ocrx_word' id='word_1_48' title='bbox 852 909 970 949; x_wconf 85' lang='lat' dir='ltr'>sunt</span> <span class='ocrx_word' id='word_1_49' title='bbox 1001 909 1054 949; x_wconf 92' lang='lat' dir='ltr'>et</span> <span class='ocrx_word' id='word_1_50' title='bbox 1085 903 1341 965; x_wconf 91' lang='lat' dir='ltr'>quondam</span> <span class='ocrx_word' id='word_1_51' title='bbox 1370 905 1422 948; x_wconf 92' lang='lat' dir='ltr'>in</span> <span class='ocrx_word' id='word_1_52' title='bbox 1452 902 1710 950; x_wconf 89' lang='lat' dir='ltr'>Hortensii</span> <span class='ocrx_word' id='word_1_53' title='bbox 1736 901 1852 948; x_wconf 80' lang='lat' dir='ltr'>villa</span> 
     </span>
     <span class='ocr_line' id='line_1_10' title="bbox 359 983 1851 1049; baseline -0.001 -17"><span class='ocrx_word' id='word_1_54' title='bbox 359 1001 490 1049; x_wconf 87' lang='lat' dir='ltr'>quae</span> <span class='ocrx_word' id='word_1_55' title='bbox 534 991 613 1031; x_wconf 87' lang='lat' dir='ltr'>est</span> <span class='ocrx_word' id='word_1_56' title='bbox 655 984 720 1031; x_wconf 90' lang='lat' dir='ltr'>ad</span> <span class='ocrx_word' id='word_1_57' title='bbox 761 983 961 1039; x_wconf 87' lang='lat' dir='ltr'>Baulos,</span> <span class='ocrx_word' id='word_1_58' title='bbox 1003 1000 1118 1030; x_wconf 90' lang='lat' dir='ltr'>cum</span> <span class='ocrx_word' id='word_1_59' title='bbox 1162 1000 1221 1030; x_wconf 92' lang='lat' dir='ltr'>eo</span> <span class='ocrx_word' id='word_1_60' title='bbox 1265 983 1474 1031; x_wconf 88' lang='lat' dir='ltr'>Catulus</span> <span class='ocrx_word' id='word_1_61' title='bbox 1517 991 1571 1031; x_wconf 91' lang='lat' dir='ltr'>et</span> <span class='ocrx_word' id='word_1_62' title='bbox 1613 983 1851 1030; x_wconf 90' lang='lat' dir='ltr'>Lucullus</span> 
     </span>
     <span class='ocr_line' id='line_1_11' title="bbox 359 1065 1853 1130; baseline -0.001 -16"><span class='ocrx_word' id='word_1_63' title='bbox 359 1082 551 1130; x_wconf 87' lang='lat' dir='ltr'>nosque</span> <span class='ocrx_word' id='word_1_64' title='bbox 571 1069 666 1128; x_wconf 87' lang='lat' dir='ltr'>ipsi</span> <span class='ocrx_word' id='word_1_65' title='bbox 686 1066 931 1128; x_wconf 84' lang='lat' dir='ltr'>postridie</span> <span class='ocrx_word' id='word_1_66' title='bbox 952 1068 1262 1113; x_wconf 84' lang='lat' dir='ltr'>venissemus</span> <span class='ocrx_word' id='word_1_67' title='bbox 1283 1082 1437 1129; x_wconf 87' lang='lat' dir='ltr'>quam</span> <span class='ocrx_word' id='word_1_68' title='bbox 1458 1065 1594 1128; x_wconf 91' lang='lat' dir='ltr'>apud</span> <span class='ocrx_word' id='word_1_69' title='bbox 1614 1065 1853 1113; x_wconf 88' lang='lat' dir='ltr'>Catulum</span> 
     </span>
     <span class='ocr_line' id='line_1_12' title="bbox 359 1146 1853 1210; baseline -0.001 -14"><span class='ocrx_word' id='word_1_70' title='bbox 359 1149 641 1196; x_wconf 78' lang='lat' dir='ltr'>fuissemus.</span> <span class='ocrx_word' id='word_1_71' title='bbox 712 1146 825 1205; x_wconf 83' lang='lat' dir='ltr'>Quo</span> <span class='ocrx_word' id='word_1_72' title='bbox 874 1147 1080 1210; x_wconf 88' lang='lat' dir='ltr'>quidem</span> <span class='ocrx_word' id='word_1_73' title='bbox 1129 1150 1284 1194; x_wconf 90' lang='lat' dir='ltr'>etiam</span> <span class='ocrx_word' id='word_1_74' title='bbox 1331 1151 1578 1194; x_wconf 88' lang='lat' dir='ltr'>maturius</span> <span class='ocrx_word' id='word_1_75' title='bbox 1625 1150 1853 1194; x_wconf 83' lang='lat' dir='ltr'>venimus</span> 
     </span>
     <span class='ocr_line' id='line_1_13' title="bbox 361 1227 1853 1294; baseline -0.003 -16"><span class='ocrx_word' id='word_1_76' title='bbox 361 1231 497 1294; x_wconf 90' lang='lat' dir='ltr'>quod</span> <span class='ocrx_word' id='word_1_77' title='bbox 534 1236 644 1276; x_wconf 89' lang='lat' dir='ltr'>erat</span> <span class='ocrx_word' id='word_1_78' title='bbox 680 1233 1035 1285; x_wconf 89' lang='lat' dir='ltr'>constitutum,</span> <span class='ocrx_word' id='word_1_79' title='bbox 1071 1231 1112 1275; x_wconf 93' lang='lat' dir='ltr'>si</span> <span class='ocrx_word' id='word_1_80' title='bbox 1150 1236 1332 1276; x_wconf 88' lang='lat' dir='ltr'>ventus</span> <span class='ocrx_word' id='word_1_81' title='bbox 1370 1235 1523 1285; x_wconf 88' lang='lat' dir='ltr'>esset,</span> <span class='ocrx_word' id='word_1_82' title='bbox 1557 1227 1766 1276; x_wconf 93' lang='lat' dir='ltr'>Lucullo</span> <span class='ocrx_word' id='word_1_83' title='bbox 1801 1232 1853 1274; x_wconf 91' lang='lat' dir='ltr'>in</span> 
     </span>
     <span class='ocr_line' id='line_1_14' title="bbox 361 1309 1855 1375; baseline -0.001 -16"><span class='ocrx_word' id='word_1_84' title='bbox 361 1310 772 1375; x_wconf 87' lang='lat' dir='ltr'>Neapolitanum,</span> <span class='ocrx_word' id='word_1_85' title='bbox 794 1309 916 1356; x_wconf 88' lang='lat' dir='ltr'>mihi</span> <span class='ocrx_word' id='word_1_86' title='bbox 938 1313 991 1356; x_wconf 94' lang='lat' dir='ltr'>in</span> <span class='ocrx_word' id='word_1_87' title='bbox 1013 1309 1380 1373; x_wconf 89' lang='lat' dir='ltr'>Pompeianum</span> <span class='ocrx_word' id='word_1_88' title='bbox 1401 1313 1655 1375; x_wconf 86' lang='lat' dir='ltr'>navigare.</span> <span class='ocrx_word' id='word_1_89' title='bbox 1725 1309 1855 1357; x_wconf 91' lang='lat' dir='ltr'>Cum</span> 
     </span>
     <span class='ocr_line' id='line_1_15' title="bbox 360 1391 1856 1458; baseline -0.002 -17"><span class='ocrx_word' id='word_1_90' title='bbox 360 1398 515 1458; x_wconf 83' lang='lat' dir='ltr'>igitur</span> <span class='ocrx_word' id='word_1_91' title='bbox 543 1409 705 1456; x_wconf 88' lang='lat' dir='ltr'>pauca</span> <span class='ocrx_word' id='word_1_92' title='bbox 733 1395 785 1438; x_wconf 91' lang='lat' dir='ltr'>in</span> <span class='ocrx_word' id='word_1_93' title='bbox 815 1399 965 1456; x_wconf 80' lang='lat' dir='ltr'>xysto</span> <span class='ocrx_word' id='word_1_94' title='bbox 994 1391 1149 1439; x_wconf 88' lang='lat' dir='ltr'>locuti</span> <span class='ocrx_word' id='word_1_95' title='bbox 1180 1408 1422 1449; x_wconf 90' lang='lat' dir='ltr'>essemus,</span> <span class='ocrx_word' id='word_1_96' title='bbox 1450 1399 1563 1440; x_wconf 89' lang='lat' dir='ltr'>tum</span> <span class='ocrx_word' id='word_1_97' title='bbox 1593 1392 1774 1439; x_wconf 89' lang='lat' dir='ltr'>eodem</span> <span class='ocrx_word' id='word_1_98' title='bbox 1801 1394 1856 1439; x_wconf 90' lang='lat' dir='ltr'>in</span> 
     </span>
     <span class='ocr_line' id='line_1_16' title="bbox 362 1474 884 1538; baseline -0.002 -16"><span class='ocrx_word' id='word_1_99' title='bbox 362 1479 526 1538; x_wconf 86' lang='lat' dir='ltr'>spatio</span> <span class='ocrx_word' id='word_1_100' title='bbox 550 1474 884 1521; x_wconf 76' lang='lat' dir='ltr'>consedimus.</span> 
     </span>
    </p>

    <p class='ocr_par' dir='ltr' id='par_1_4' title="bbox 287 1553 1863 2351">
     <span class='ocr_line' id='line_1_17' title="bbox 287 1553 1857 1619; baseline -0.001 -15"><span class='ocrx_word' id='word_1_101' title='bbox 287 1569 338 1609; x_wconf 88' lang='lat'>10</span> <span class='ocrx_word' id='word_1_102' title='bbox 426 1557 512 1604; x_wconf 92' lang='lat' dir='ltr'>IV.</span> <span class='ocrx_word' id='word_1_103' title='bbox 551 1556 647 1602; x_wconf 91' lang='lat' dir='ltr'>Hic</span> <span class='ocrx_word' id='word_1_104' title='bbox 686 1554 913 1611; x_wconf 87' lang='lat' dir='ltr'>Catulus,</span> <span class='ocrx_word' id='word_1_105' title='bbox 954 1554 1117 1602; x_wconf 87' lang='lat' dir='ltr'>“Etsi</span> <span class='ocrx_word' id='word_1_106' title='bbox 1156 1554 1318 1612; x_wconf 85' lang='lat' dir='ltr'>heri‚’&#39;</span> <span class='ocrx_word' id='word_1_107' title='bbox 1356 1558 1540 1619; x_wconf 91' lang='lat' dir='ltr'>inquit,</span> <span class='ocrx_word' id='word_1_108' title='bbox 1578 1553 1683 1602; x_wconf 91' lang='lat' dir='ltr'>“id</span> <span class='ocrx_word' id='word_1_109' title='bbox 1721 1554 1857 1619; x_wconf 91' lang='lat' dir='ltr'>quod</span> 
     </span>
     <span class='ocr_line' id='line_1_18' title="bbox 364 1635 1858 1703; baseline -0.002 -17"><span class='ocrx_word' id='word_1_110' title='bbox 364 1639 707 1703; x_wconf 88' lang='lat' dir='ltr'>quaerebatur</span> <span class='ocrx_word' id='word_1_111' title='bbox 755 1653 920 1700; x_wconf 90' lang='lat' dir='ltr'>paene</span> <span class='ocrx_word' id='word_1_112' title='bbox 973 1636 1283 1700; x_wconf 86' lang='lat' dir='ltr'>explicatum</span> <span class='ocrx_word' id='word_1_113' title='bbox 1335 1643 1430 1694; x_wconf 89' lang='lat' dir='ltr'>est,</span> <span class='ocrx_word' id='word_1_114' title='bbox 1481 1643 1540 1684; x_wconf 92' lang='lat' dir='ltr'>ut</span> <span class='ocrx_word' id='word_1_115' title='bbox 1588 1643 1701 1684; x_wconf 89' lang='lat' dir='ltr'>tota</span> <span class='ocrx_word' id='word_1_116' title='bbox 1749 1635 1858 1683; x_wconf 89' lang='lat' dir='ltr'>fere</span> 
     </span>
     <span class='ocr_line' id='line_1_19' title="bbox 365 1719 1859 1785; baseline -0.001 -17"><span class='ocrx_word' id='word_1_117' title='bbox 365 1723 596 1785; x_wconf 86' lang='lat' dir='ltr'>quaestio</span> <span class='ocrx_word' id='word_1_118' title='bbox 626 1725 850 1766; x_wconf 86' lang='lat' dir='ltr'>tractata</span> <span class='ocrx_word' id='word_1_119' title='bbox 879 1719 1129 1775; x_wconf 86' lang='lat' dir='ltr'>videatur,</span> <span class='ocrx_word' id='word_1_120' title='bbox 1159 1726 1335 1766; x_wconf 89' lang='lat' dir='ltr'>tamen</span> <span class='ocrx_word' id='word_1_121' title='bbox 1365 1725 1606 1781; x_wconf 84' lang='lat' dir='ltr'>exspecto</span> <span class='ocrx_word' id='word_1_122' title='bbox 1637 1734 1699 1765; x_wconf 87' lang='lat' dir='ltr'>ea</span> <span class='ocrx_word' id='word_1_123' title='bbox 1727 1733 1859 1782; x_wconf 86' lang='lat' dir='ltr'>quae</span> 
     </span>
     <span class='ocr_line' id='line_1_20' title="bbox 365 1798 1859 1865; baseline -0.002 -15"><span class='ocrx_word' id='word_1_124' title='bbox 365 1810 419 1850; x_wconf 91' lang='lat' dir='ltr'>te</span> <span class='ocrx_word' id='word_1_125' title='bbox 429 1801 680 1865; x_wconf 88' lang='lat' dir='ltr'>pollicitus</span> <span class='ocrx_word' id='word_1_126' title='bbox 694 1817 765 1857; x_wconf 92' lang='lat' dir='ltr'>es,</span> <span class='ocrx_word' id='word_1_127' title='bbox 778 1799 1005 1856; x_wconf 88' lang='lat' dir='ltr'>Luculle,</span> <span class='ocrx_word' id='word_1_128' title='bbox 1017 1800 1081 1847; x_wconf 91' lang='lat' dir='ltr'>ab</span> <span class='ocrx_word' id='word_1_129' title='bbox 1096 1799 1349 1847; x_wconf 92' lang='lat' dir='ltr'>Antiocho</span> <span class='ocrx_word' id='word_1_130' title='bbox 1363 1800 1539 1848; x_wconf 87' lang='lat' dir='ltr'>audita</span> <span class='ocrx_word' id='word_1_131' title='bbox 1552 1798 1859 1847; x_wconf 88' lang='lat' dir='ltr'>dicturum.&#39;’</span> 
     </span>
     <span class='ocr_line' id='line_1_21' title="bbox 366 1880 1860 1946; baseline -0.002 -15"><span class='ocrx_word' id='word_1_132' title='bbox 366 1883 394 1901; x_wconf 90' lang='lat'><em>“</em></span> <span class='ocrx_word' id='word_1_133' title='bbox 419 1881 725 1946; x_wconf 91' lang='lat' dir='ltr'>Equidem,”</span> <span class='ocrx_word' id='word_1_134' title='bbox 771 1885 939 1945; x_wconf 92' lang='lat' dir='ltr'>inquit</span> <span class='ocrx_word' id='word_1_135' title='bbox 985 1881 1306 1938; x_wconf 87' lang='lat' dir='ltr'>Hortensius,</span> <span class='ocrx_word' id='word_1_136' title='bbox 1353 1881 1382 1898; x_wconf 88' lang='lat'><strong>“</strong></span> <span class='ocrx_word' id='word_1_137' title='bbox 1405 1880 1502 1929; x_wconf 90' lang='lat' dir='ltr'>feci</span> <span class='ocrx_word' id='word_1_138' title='bbox 1548 1880 1660 1944; x_wconf 87' lang='lat' dir='ltr'>plus</span> <span class='ocrx_word' id='word_1_139' title='bbox 1707 1897 1860 1945; x_wconf 87' lang='lat' dir='ltr'>quam</span> 
     </span>
     <span class='ocr_line' id='line_1_22' title="bbox 367 1963 1862 2027; baseline -0.002 -15"><span class='ocrx_word' id='word_1_140' title='bbox 367 1965 567 2021; x_wconf 90' lang='lat' dir='ltr'>vellem,</span> <span class='ocrx_word' id='word_1_141' title='bbox 594 1971 760 2011; x_wconf 91' lang='lat' dir='ltr'>totam</span> <span class='ocrx_word' id='word_1_142' title='bbox 789 1967 924 2010; x_wconf 91' lang='lat' dir='ltr'>enim</span> <span class='ocrx_word' id='word_1_143' title='bbox 951 1979 1060 2010; x_wconf 91' lang='lat' dir='ltr'>rem</span> <span class='ocrx_word' id='word_1_144' title='bbox 1089 1963 1299 2010; x_wconf 90' lang='lat' dir='ltr'>Lucullo</span> <span class='ocrx_word' id='word_1_145' title='bbox 1326 1967 1580 2027; x_wconf 84' lang='lat' dir='ltr'>integram</span> <span class='ocrx_word' id='word_1_146' title='bbox 1608 1970 1862 2010; x_wconf 86' lang='lat' dir='ltr'>servatam</span> 
     </span>
     <span class='ocr_line' id='line_1_23' title="bbox 367 2044 1863 2110; baseline -0.002 -16"><span class='ocrx_word' id='word_1_147' title='bbox 367 2049 607 2110; x_wconf 88' lang='lat' dir='ltr'>oportuit.</span> <span class='ocrx_word' id='word_1_148' title='bbox 677 2046 746 2092; x_wconf 89' lang='lat' dir='ltr'>Et</span> <span class='ocrx_word' id='word_1_149' title='bbox 766 2053 942 2092; x_wconf 89' lang='lat' dir='ltr'>tamen</span> <span class='ocrx_word' id='word_1_150' title='bbox 962 2044 1175 2092; x_wconf 86' lang='lat' dir='ltr'>fortasse</span> <span class='ocrx_word' id='word_1_151' title='bbox 1201 2053 1403 2092; x_wconf 87' lang='lat' dir='ltr'>servata</span> <span class='ocrx_word' id='word_1_152' title='bbox 1423 2052 1501 2092; x_wconf 88' lang='lat' dir='ltr'>est</span> <span class='ocrx_word' id='word_1_153' title='bbox 1523 2060 1536 2101; x_wconf 82' lang='lat'>3</span> <span class='ocrx_word' id='word_1_154' title='bbox 1575 2061 1605 2091; x_wconf 88' lang='lat' dir='ltr'>a</span> <span class='ocrx_word' id='word_1_155' title='bbox 1623 2061 1706 2091; x_wconf 91' lang='lat' dir='ltr'>me</span> <span class='ocrx_word' id='word_1_156' title='bbox 1728 2047 1863 2091; x_wconf 91' lang='lat' dir='ltr'>enim</span> 
     </span>
     <span class='ocr_line' id='line_1_24' title="bbox 370 2125 1861 2192; baseline -0.003 -16"><span class='ocrx_word' id='word_1_157' title='bbox 370 2146 430 2176; x_wconf 89' lang='lat' dir='ltr'>ea</span> <span class='ocrx_word' id='word_1_158' title='bbox 456 2144 587 2192; x_wconf 90' lang='lat' dir='ltr'>quae</span> <span class='ocrx_word' id='word_1_159' title='bbox 603 2130 656 2174; x_wconf 93' lang='lat' dir='ltr'>in</span> <span class='ocrx_word' id='word_1_160' title='bbox 681 2134 920 2190; x_wconf 89' lang='lat' dir='ltr'>promptu</span> <span class='ocrx_word' id='word_1_161' title='bbox 940 2134 1086 2173; x_wconf 89' lang='lat' dir='ltr'>erant</span> <span class='ocrx_word' id='word_1_162' title='bbox 1104 2128 1241 2174; x_wconf 90' lang='lat' dir='ltr'>dicta</span> <span class='ocrx_word' id='word_1_163' title='bbox 1258 2134 1394 2182; x_wconf 91' lang='lat' dir='ltr'>sunt,</span> <span class='ocrx_word' id='word_1_164' title='bbox 1413 2143 1443 2173; x_wconf 91' lang='lat' dir='ltr'>a</span> <span class='ocrx_word' id='word_1_165' title='bbox 1460 2125 1670 2173; x_wconf 90' lang='lat' dir='ltr'>Lucullo</span> <span class='ocrx_word' id='word_1_166' title='bbox 1688 2132 1861 2173; x_wconf 88' lang='lat' dir='ltr'>autem</span> 
     </span>
     <span class='ocr_line' id='line_1_25' title="bbox 368 2207 1862 2270; baseline -0.004 -12"><span class='ocrx_word' id='word_1_167' title='bbox 368 2210 705 2258; x_wconf 84' lang='lat' dir='ltr'>reconditiora</span> <span class='ocrx_word' id='word_1_168' title='bbox 721 2207 1006 2256; x_wconf 82' lang='lat' dir='ltr'>desidero.&#39;’</span> <span class='ocrx_word' id='word_1_169' title='bbox 1059 2208 1188 2254; x_wconf 89' lang='lat' dir='ltr'>Tum</span> <span class='ocrx_word' id='word_1_170' title='bbox 1203 2207 1305 2264; x_wconf 90' lang='lat' dir='ltr'>ille,</span> <span class='ocrx_word' id='word_1_171' title='bbox 1316 2207 1344 2224; x_wconf 89' lang='lat'><em>“</em></span> <span class='ocrx_word' id='word_1_172' title='bbox 1360 2207 1473 2254; x_wconf 91' lang='lat' dir='ltr'>Non</span> <span class='ocrx_word' id='word_1_173' title='bbox 1489 2207 1665 2264; x_wconf 90' lang='lat' dir='ltr'>sane,&#39;&#39;</span> <span class='ocrx_word' id='word_1_174' title='bbox 1679 2209 1862 2270; x_wconf 87' lang='lat' dir='ltr'>inquit,</span> 
     </span>
     <span class='ocr_line' id='line_1_26' title="bbox 369 2286 1861 2351; baseline -0.004 -13"><span class='ocrx_word' id='word_1_175' title='bbox 369 2290 398 2310; x_wconf 80' lang='lat'>‘⁴</span> <span class='ocrx_word' id='word_1_176' title='bbox 424 2291 684 2346; x_wconf 90' lang='lat' dir='ltr'>Hortensi,</span> <span class='ocrx_word' id='word_1_177' title='bbox 714 2290 987 2337; x_wconf 87' lang='lat' dir='ltr'>conturbat</span> <span class='ocrx_word' id='word_1_178' title='bbox 1016 2305 1099 2336; x_wconf 88' lang='lat' dir='ltr'>me</span> <span class='ocrx_word' id='word_1_179' title='bbox 1131 2293 1447 2351; x_wconf 83' lang='lat' dir='ltr'>exspectatio</span> <span class='ocrx_word' id='word_1_180' title='bbox 1477 2296 1584 2345; x_wconf 87' lang='lat' dir='ltr'>tua,</span> <span class='ocrx_word' id='word_1_181' title='bbox 1615 2292 1711 2336; x_wconf 90' lang='lat' dir='ltr'>etsi</span> <span class='ocrx_word' id='word_1_182' title='bbox 1741 2286 1861 2334; x_wconf 89' lang='lat' dir='ltr'>nihil</span> 
     </span>
    </p>
   </div>
   <div class='ocr_carea' id='block_1_3' title="bbox 777 2397 1438 2450">
    <p class='ocr_par' dir='ltr' id='par_1_5' title="bbox 777 2397 1438 2450">
     <span class='ocr_line' id='line_1_27' title="bbox 777 2397 1438 2450; baseline 0.002 -12"><span class='ocrx_word' id='word_1_183' title='bbox 777 2398 793 2423; x_wconf 85' lang='lat'>¹</span> <span class='ocrx_word' id='word_1_184' title='bbox 822 2401 956 2450; x_wconf 85' lang='lat' dir='ltr'>atque</span> <span class='ocrx_word' id='word_1_185' title='bbox 977 2398 1164 2438; x_wconf 73' lang='lat' dir='ltr'>inseruit</span> <span class='ocrx_word' id='word_1_186' title='bbox 1184 2397 1438 2439; x_wconf 70' lang='lat' dir='ltr'>Lambinus.</span> 
     </span>
    </p>
   </div>
   <div class='ocr_carea' id='block_1_4' title="bbox 373 2502 1864 2612">
    <p class='ocr_par' dir='ltr' id='par_1_6' title="bbox 373 2502 1864 2612">
     <span class='ocr_line' id='line_1_28' title="bbox 397 2502 1864 2600; baseline 0 -55"><span class='ocrx_word' id='word_1_187' title='bbox 397 2505 563 2600; x_wconf 44' lang='lat' dir='ltr'>tolle-⁹</span> <span class='ocrx_word' id='word_1_188' title='bbox 591 2504 666 2546; x_wconf 86' lang='lat' dir='ltr'>the</span> <span class='ocrx_word' id='word_1_189' title='bbox 698 2502 945 2545; x_wconf 89' lang='lat' dir='ltr'>colonnade</span> <span class='ocrx_word' id='word_1_190' title='bbox 977 2517 1027 2544; x_wconf 92' lang='lat' dir='ltr'>or</span> <span class='ocrx_word' id='word_1_191' title='bbox 1058 2508 1209 2556; x_wconf 74' lang='lat' dir='ltr'>aeystus</span> <span class='ocrx_word' id='word_1_192' title='bbox 1242 2505 1287 2544; x_wconf 92' lang='lat' dir='ltr'>in</span> <span class='ocrx_word' id='word_1_193' title='bbox 1320 2503 1462 2545; x_wconf 89' lang='lat' dir='ltr'>which</span> <span class='ocrx_word' id='word_1_194' title='bbox 1496 2504 1603 2558; x_wconf 87' lang='lat' dir='ltr'>they</span> <span class='ocrx_word' id='word_1_195' title='bbox 1630 2502 1719 2544; x_wconf 89' lang='lat' dir='ltr'>had</span> <span class='ocrx_word' id='word_1_196' title='bbox 1752 2503 1864 2546; x_wconf 88' lang='lat' dir='ltr'>been</span> 
     </span>
     <span class='ocr_line' id='line_1_29' title="bbox 373 2571 589 2612; baseline 0.005 -13"><span class='ocrx_word' id='word_1_197' title='bbox 373 2573 392 2599; x_wconf 84' lang='lat' dir='ltr'>s</span> <span class='ocrx_word' id='word_1_198' title='bbox 416 2573 463 2600; x_wconf 90' lang='lat' dir='ltr'>ro</span> <span class='ocrx_word' id='word_1_199' title='bbox 499 2571 589 2612; x_wconf 88' lang='lat' dir='ltr'>mg.</span> 
     </span>
    </p>
   </div>
   <div class='ocr_carea' id='block_1_5' title="bbox 377 2624 472 2675">
    <p class='ocr_par' dir='ltr' id='par_1_7' title="bbox 377 2624 472 2675">
     <span class='ocr_line' id='line_1_30' title="bbox 377 2624 472 2675; baseline 0 -1"><span class='ocrx_word' id='word_1_200' title='bbox 377 2624 472 2675; x_wconf 78' lang='lat'>476</span> 
     </span>
    </p>
   </div>
  </div>
 </body>
</html>
