1919 3006
902 180 1153 229 CICERO

286 311 588 360 caelestibus
630 319 684 359 et
722 315 986 358 maritimis
1028 318 1082 358 et
1119 314 1333 358 terrenis
1373 328 1475 358 non
1513 326 1776 374 possumus

287 395 471 448 dicere,
493 410 608 440 curn
630 409 690 439 ea
711 392 852 448 fiant,
874 410 974 439 non
997 409 1106 440 esse
1126 392 1310 439 multos
1334 395 1417 455 qui
1439 391 1522 438 illa
1541 398 1778 440 metuant

212 482 261 522 17
288 482 341 522 et
375 492 405 521 a
438 475 511 522 dis
546 473 894 520 inmortalibus
930 474 1036 520 fieri
1071 476 1418 529 existument3
1470 474 1560 521 sed
1593 490 1694 520 non
1725 472 1779 521 id

289 560 565 620 quaeritur,
582 559 750 602 sintne
767 554 918 618 aliqui
937 558 1022 618 qui
1039 555 1159 602 deos
1181 571 1289 602 esse
1305 561 1491 617 putent
1510 571 1521 601 ε
1541 555 1591 602 di
1607 562 1779 602 utrum

289 641 390 684 sint
408 653 569 684 necne
588 640 690 684 sint
709 639 984 700 quaeritur.
1046 635 1178 682 Nam
1196 635 1421 699 reliquae
1448 651 1630 683 causae
1657 652 1781 699 quas

291 718 564 766 Cleanthes
600 717 784 774 adfert,
818 734 1032 780 quarum
1065 734 1167 764 una
1200 724 1279 765 est
1311 717 1376 764 de
1409 717 1787 765 commodorum

292 817 424 864 quae
472 803 695 862 capimus
745 803 904 861 copia,
954 799 1116 846 altera
1163 799 1227 846 de
1275 805 1565 861 temporum
1613 798 1788 845 ordine

293 881 520 945 caelique
556 884 859 936 constantia,
895 887 1006 927 tum
1040 880 1398 927 tractabuntur
1432 896 1463 926 a
1496 880 1639 927 nobis
1675 896 1790 926 cum

294 963 664 1026 disputabimus
688 962 752 1010 de
774 962 1094 1025 providentia
1116 962 1343 1018 deorum,
1366 962 1431 1009 de
1454 978 1555 1025 qua
1575 960 1791 1024 plurima

221 1055 270 1095 18
295 1062 325 1092 a
346 1052 419 1101 te,
443 1044 618 1100 Balbe,
643 1044 780 1091 dicta
803 1050 922 1091 sunt
944 1059 956 1100 3
1000 1044 1284 1107 eodemque
1307 1043 1392 1089 illa
1416 1046 1573 1090 etiam
1595 1042 1793 1090 differe-

295 1143 424 1182 mus,
452 1125 588 1189 quod
615 1124 954 1189 Chrysippum
980 1125 1147 1172 dicere
1175 1125 1363 1181 aiebas,
1391 1128 1630 1188 quoniam
1658 1130 1794 1171 esset

298 1207 488 1271 aliquid
521 1210 572 1253 in
606 1223 775 1253 rerum
809 1213 993 1253 natura
1026 1207 1160 1270 quod
1196 1207 1260 1253 ab
1293 1205 1498 1253 homine
1532 1205 1660 1253 effici
1693 1222 1795 1252 non

297 1296 487 1353 posset,
514 1305 623 1335 esse
649 1287 838 1351 aliquid
861 1287 1065 1335 homine
1088 1287 1285 1344 melius,
1311 1303 1545 1352 quaeque
1568 1290 1622 1334 in
1643 1287 1794 1335 domo

299 1369 507 1434 pulchra
552 1386 667 1417 cum
710 1368 1086 1432 pulchritudine
1130 1369 1306 1417 mundi
1351 1369 1696 1432 comparabas,
1742 1375 1797 1417 et

299 1469 415 1500 cum
474 1455 631 1499 totius
691 1452 867 1498 mundi
927 1454 1334 1498 convenientiam
1393 1464 1796 1514 consensumque

301 1533 603 1589 adferebas3
673 1533 990 1596 Zenonisque
1054 1533 1218 1580 brevis
1279 1539 1333 1579 et
1396 1531 1623 1579 acutulas
1682 1548 1798 1579 con-

302 1615 548 1663 clusiones
581 1618 634 1661 in
668 1630 780 1661 eam
815 1622 1016 1677 partem
1042 1617 1285 1661 sermonis
1320 1630 1473 1678 quam
1508 1614 1660 1661 modo
1693 1614 1796 1661 dixi

302 1696 609 1753 differemus,
639 1696 923 1760 eodemque
952 1703 1185 1758 tempore
1213 1695 1298 1742 illa
1326 1698 1496 1742 omnia
1524 1711 1656 1758 quae
1685 1711 1715 1742 a
1743 1701 1798 1742 te

302 1777 509 1843 physice
546 1777 683 1824 dicta
715 1784 834 1824 sunt
866 1777 931 1824 de
964 1780 1011 1823 vi
1043 1780 1195 1840 ignea
1231 1777 1398 1840 deque
1436 1792 1496 1823 eo
1532 1775 1696 1823 calore
1734 1792 1798 1823 ex

303 1875 403 1923 quo
439 1861 608 1906 omnia
643 1861 876 1922 generari
912 1858 1132 1914 dicebas,
1168 1857 1277 1905 loco
1319 1874 1410 1905 suo
1452 1864 1798 1921 quaerentur;

304 1943 573 2003 omniaque
607 1956 738 2003 quae
775 1955 805 1986 a
840 1945 894 1986 te
927 1939 1109 1986 nudius
1142 1942 1324 1986 tertius
1359 1939 1495 1986 dicta
1523 1944 1659 1995 sunt,
1683 1955 1798 1985 cum

304 2022 484 2070 docere
505 2020 657 2067 velles
678 2021 798 2067 deos
821 2036 947 2077 esse,
968 2036 1124 2084 quare
1150 2027 1204 2067 et
1227 2019 1444 2067 mundus
1464 2022 1723 2067 universus
1745 2025 1800 2068 et

303 2102 376 2151 sol
398 2109 466 2149 ‘et
501 2101 621 2148 luna
653 2108 707 2148 et
739 2100 917 2148 stellae
950 2117 1154 2148 sensum
1187 2117 1245 2148 ac
1275 2107 1504 2148 mentem
1528 2099 1796 2157 haberent,

230 2193 279 2232 19
303 2188 354 2231 in
378 2183 514 2230 idem
545 2189 747 2245 tempus
772 2183 1054 2229 reservabo.
1129 2182 1176 2229 A
1208 2188 1263 2228 te
1297 2188 1469 2229 autern
1502 2181 1638 2228 idem
1669 2180 1792 2228 illud

305 2268 460 2312 etiam
497 2270 653 2327 atque
691 2266 846 2310 etiam
883 2279 1140 2327 quaeram,
1170 2263 1349 2326 quibus
1385 2263 1661 2310 rationibus
1698 2263 1790 2310 tibi

305 2345 608 2410 persuadeas
634 2345 754 2392 deos
780 2343 941 2391 esse.’'

368 2426 511 2474 VIII.
548 2426 678 2473 Tum
707 2425 892 2472 Balbus
916 2441 928 2473 ε
978 2425 1005 2441 “
1030 2425 1282 2489 Equidem
1313 2424 1543 2472 attulisse
1572 2427 1794 2473 rationes

310 2613 407 2657 302
