1853 3001
887 204 1138 253 CICERO

265 335 463 385 fabulas
519 339 683 400 poetis
739 336 1213 399 suppeditaverunt,
1268 334 1527 383 hominum
1584 342 1757 384 autem

267 418 423 462 vitam
471 417 831 477 superstitione
879 417 1014 461 omni
1061 412 1387 461 referserunt.
1455 414 1631 477 Atque
1677 412 1758 461 hic

266 492 400 540 locus
421 509 449 539 a
468 492 669 539 Zenone
689 498 937 538 tractatus
956 498 1071 553 post
1091 508 1119 537 a
1138 489 1386 538 Cleanthe
1406 497 1460 538 et
1477 490 1758 555 Chrysippo

264 570 490 633 pluribus
511 570 674 616 verbis
697 569 975 632 explicatus
998 575 1090 615 est,
1160 568 1291 615 Nam
1311 573 1445 615 cum¹
1467 575 1611 615 vetus
1631 566 1758 615 haec

266 651 434 709 opinio
483 647 748 693 Graeciam
785 646 1128 708 opplevisset‚²
1173 652 1434 692 exsectum
1476 645 1687 693 Caelum
1728 661 1757 692 a

269 724 368 771 filio
417 723 652 780 Saturno,
700 727 924 770 vinctum
974 730 1147 770 autem
1195 722 1469 769 Saturnum
1515 726 1681 786 ipsum
1728 738 1758 769 a

190 810 244 850 64
268 801 367 848 filio
399 801 536 857 Iove,
565 800 774 864 physica
803 804 931 847 ratio
962 818 1062 847 non
1090 800 1350 864 inelegans
1379 800 1571 847 inclusa
1601 806 1679 847 est
1705 801 1758 846 in

267 882 445 941 impias
457 878 668 925 fabulas.
705 878 991 925 Caelestem
1006 881 1138 924 enim
1152 878 1445 924 altissimam
1457 876 1759 925 aetheriam-

269 972 368 1019 que
405 963 657 1012 naturam,
686 956 739 1002 id
776 963 853 1002 est
888 959 1109 1019 igneam,
1147 971 1277 1018 quae
1314 971 1405 1018 per
1444 971 1556 1002 sese
1592 957 1761 1002 omnia

267 1037 522 1097 gigneret,
562 1050 740 1080 vacare
779 1033 1048 1080 voluerunt
1087 1049 1147 1079 ea
1185 1040 1332 1095 parte
1371 1035 1589 1095 corporis
1629 1048 1761 1095 quae

269 1114 622 1158 coniunctione
643 1111 849 1157 alterius
877 1117 1054 1174 egeret
1074 1110 1137 1157 ad
1157 1110 1540 1173 procreandum.
1600 1108 1760 1157 XXV.

270 1186 544 1235 Saturnum
575 1195 748 1235 autem
779 1205 895 1235 eum
927 1204 1036 1235 esse
1066 1188 1334 1235 voluerunt
1363 1191 1449 1251 qui
1477 1203 1678 1234 cursum
1707 1192 1762 1233 et

269 1270 647 1312 conversionem
690 1269 968 1328 spatiorum
1012 1282 1070 1312 ac
1111 1272 1400 1328 temporum
1442 1267 1763 1319 contineret3

271 1346 357 1406 qui
377 1344 500 1390 deus
522 1343 715 1390 Graece
734 1344 784 1390 id
803 1347 969 1406 ipsum
987 1359 1174 1390 nomen
1192 1342 1350 1390 habet
1373 1359 1384 1389 ε
1421 1341 1604 1403 Κρόνος
1628 1344 1763 1389 enim

271 1420 471 1476 dicitur,
494 1424 580 1484 qui
611 1428 688 1468 est
716 1421 852 1468 idem
877 1419 1063 1481 χρόνος,
1084 1421 1137 1467 id
1162 1427 1240 1467 est
1261 1423 1483 1483 spatium
1504 1421 1762 1481 temporis.

272 1496 518 1545 Saturnus
571 1505 744 1546 autem
798 1505 876 1545 est
928 1498 1212 1561 appellatus
1264 1497 1401 1560 quod
1451 1502 1765 1544 saturaretur

273 1579 415 1622 annis
438 1591 449 1631 ;
489 1592 552 1623 ex
572 1592 625 1622 se
646 1579 780 1622 enim
801 1584 945 1623 natos
966 1591 1190 1622 comesse
1210 1575 1418 1639 fingitur
1435 1575 1628 1630 solitus,
1648 1576 1767 1636 quia

273 1656 523 1700 consumit
546 1661 687 1700 aetas
711 1660 1000 1716 temporum
1021 1656 1188 1715 spatia
1210 1655 1455 1715 annisque
1476 1653 1766 1714 praeteritis

273 1731 671 1777 insaturabiliter
709 1731 978 1793 expletur;
1033 1734 1228 1777 vinctus
1266 1736 1441 1776 autem
1477 1745 1508 1776 a
1544 1728 1664 1775 Iove
1701 1743 1767 1774 ne

274 1808 616 1855 inmoderatos
653 1825 824 1855 cursus
860 1807 1075 1855 haberet
1107 1815 1263 1870 atque
1299 1814 1358 1854 ut
1393 1823 1511 1854 eum
1545 1805 1766 1853 siderum

276 1885 448 1931 vinclis
488 1885 734 1949 alligaret.
803 1884 904 1932 Sed
942 1889 1049 1947 ipse
1090 1884 1439 1947 Iuppiter—id
1477 1890 1556 1931 est
1591 1886 1766 1929 iuvans

277 1969 440 2024 pater,
470 1979 622 2026 quem
650 1967 898 2010 conversis
927 1963 1122 2009 casibus
1152 1961 1464 2024 appellamus
1492 1977 1523 2007 a
1547 1959 1767 2007 iuvando

278 2039 469 2096 Iovem,
517 2057 547 2086 a
603 2044 767 2102 poetis
816 2039 998 2103 ‘pater
1055 2040 1325 2102 divomque
1371 2033 1770 2100 hominumque'

277 2116 477 2173 dicitur,
497 2134 526 2163 3
546 2118 814 2164 maioribus
835 2125 1006 2164 autem
1029 2120 1208 2164 nostris
1228 2123 1465 2178 optumus
1484 2130 1769 2170 maxumus,

279 2201 333 2241 et
369 2195 574 2257 quidem
612 2203 732 2242 ante
769 2203 1025 2258 optumus,
1061 2195 1113 2241 id
1150 2201 1228 2241 est
1263 2192 1768 2247 beneficentissimus,

280 2288 431 2335 quam
476 2289 742 2318 maxumus
791 2277 909 2336 quia
955 2275 1116 2319 maius
1165 2278 1244 2318 est
1289 2277 1531 2333 certeque
1574 2272 1767 2333 gratius

280 2349 519 2411 prodesse
589 2351 820 2396 omnibus
890 2366 1042 2412 quam
1111 2365 1232 2411 opes
1301 2363 1512 2412 magnas
1579 2345 1769 2393 habere

721 2437 737 2461 1
769 2449 869 2476 cum
895 2436 932 2475 A
958 2449 1066 2475 corr.
1089 2452 1099 2476 ε
1132 2448 1212 2476 om.
1235 2439 1329 2475 cett.

323 2489 341 2516 ²
373 2492 635 2542 supplevisset
657 2491 717 2538 A,
740 2490 779 2530 B
798 2507 807 2528 ε
841 2489 1033 2541 opplevit
1057 2490 1156 2536 det„
1178 2488 1373 2540 opplevit
1392 2500 1485 2529 esse
1506 2484 1739 2536 Heindorf.

846 2581 865 2600 ‘⁸
894 2576 979 2620 i.e.,
1007 2575 1196 2614 Uranus.

297 2634 390 2676 184
