1919 3006
969 193 1221 242 CICERO

345 319 613 368 adhiberet
635 335 648 376 ;
682 322 948 368 statuebat
966 325 1099 367 enim
1116 325 1288 385 ignem
1307 337 1417 369 esse
1432 324 1594 385 ipsam
1610 327 1843 369 naturam

344 404 476 450 quae
497 388 721 451 quidque
746 392 1000 452 gigneret,
1022 392 1197 435 etiam¹
1215 396 1445 436 mentem
1471 396 1627 453 atque
1652 405 1842 436 sensus.

345 454 684 517 Discrepabat
743 459 899 502 etiam
936 457 999 502 ab
1062 457 1242 503 iisdem
1304 456 1441 520 quod
1501 456 1638 503 nullo
1694 456 1846 504 modo

344 523 687 569 arbitrabatur
711 523 990 586 quidquam
1014 524 1140 570 effici
1163 540 1310 586 posse
1335 524 1399 570 ab
1424 539 1486 571 ea
1508 540 1641 587 quae
1665 539 1847 586 expers

345 597 481 636 esset
503 593 738 653 corporis,
763 594 901 637 cuius
925 594 1125 654 generis
1148 591 1463 638 Xenocrates
1487 598 1542 638 et
1563 594 1846 654 superiores

345 660 502 703 etiam
547 661 771 704 animum
819 674 928 704 esse
974 658 1227 714 dixerant,
1272 675 1366 705 nec
1410 674 1530 705 vero
1575 665 1665 705 aut
1710 658 1846 721 quod

343 724 567 771 efficeret
599 725 789 788 aliquid
821 733 910 772 aut
942 726 1077 788 quod
1110 727 1393 773 efficeretur
1423 742 1571 789 posse
1604 742 1714 772 esse
1745 741 1846 772 non

263 800 318 840 40
342 807 535 854 corpus.
606 791 828 838 Plurima
865 799 1040 839 autem
1080 796 1133 839 in
1172 793 1257 839 illa
1296 797 1451 840 tertia
1499 792 1846 856 philosophiae

340 865 487 921 parte
530 863 749 906 mutavit
772 876 783 907 ι
844 863 897 906 in
944 877 1044 923 qua
1086 864 1304 923 primum
1347 861 1412 907 de
1455 861 1683 907 sensibus
1726 863 1845 922 ipsis

343 926 597 988 quaedam
620 927 750 974 dixit
773 944 920 983 nova,
945 944 1069 990 quos
1093 931 1290 974 iunctos
1316 944 1426 974 esse
1450 931 1647 974 censuit
1671 943 1699 973 e
1723 943 1844 990 qua-

342 993 460 1040 dam
493 997 636 1057 quasi
667 995 969 1057 impulsione
1002 995 1175 1042 oblata
1208 999 1520 1042 extrinsecus
1554 996 1729 1058 (quam
1759 994 1844 1041 ille

342 1060 631 1119 φαντασίαν,
660 1078 750 1109 nos
778 1065 940 1108 visum
971 1063 1283 1125 appellemus
1319 1063 1456 1119 licet,
1487 1069 1540 1110 et
1576 1069 1842 1109 teneamus

339 1126 434 1175 hoc
471 1129 679 1192 quidem
711 1130 940 1186 verbum,
967 1134 1064 1176 erit
1103 1134 1238 1176 enim
1274 1130 1525 1177 utendum
1560 1133 1614 1176 in
1649 1129 1842 1192 reliquo

341 1211 574 1243 sermone
587 1197 987 1260 saepius)‚——sed
1003 1198 1068 1244 ad
1082 1197 1210 1244 haec
1225 1213 1358 1261 quae
1373 1201 1479 1244 visa
1493 1204 1613 1244 sunt
1630 1204 1684 1244 et
1699 1200 1841 1260 quasi

341 1270 553 1326 accepta
600 1265 828 1311 sensibus
878 1265 1231 1312 adsensionem
1279 1265 1512 1328 adiungit
1559 1267 1841 1311 animorum

339 1347 493 1394 quam
539 1347 648 1378 esse
692 1331 801 1378 vult
843 1335 896 1378 in
939 1333 1081 1379 nobis
1126 1336 1346 1395 positam
1389 1339 1445 1380 et
1487 1331 1838 1379 voluntariam.

262 1407 310 1446 41
338 1397 466 1445 Visis
483 1415 585 1445 non
601 1400 831 1446 omnibus
850 1399 1164 1463 adiungebat
1183 1400 1336 1447 fidem
1352 1399 1444 1447 sed
1458 1403 1515 1446 iis
1532 1400 1693 1446 solum
1709 1415 1840 1463 quae

337 1469 591 1529 propriam
630 1467 888 1530 quandam
928 1466 1180 1514 haberent
1222 1468 1618 1514 declarationem
1667 1483 1841 1513 earum

337 1549 507 1580 rerum
536 1550 668 1597 quae
695 1534 988 1581 viderentur
1011 1550 1022 1590 3
1065 1535 1117 1581 id
1143 1542 1318 1581 autem
1342 1538 1503 1581 visum
1529 1551 1644 1581 cum
1675 1537 1841 1597 ipsum

337 1617 429 1663 per
469 1617 524 1648 se
571 1609 881 1658 cerneretur,
923 1601 1578 1664 comprendibile—feretis
1625 1601 1790 1648 haec?
1812 1601 1841 1618 ’'

338 1667 365 1684 ‘⁴
387 1668 489 1715 Nos
514 1668 684 1725 vero‚”
715 1672 911 1732 inquit3
937 1669 966 1686 “
986 1686 1207 1732 quonam
1233 1672 1368 1716 enim
1398 1669 1494 1716 alio
1523 1669 1675 1716 modo
1701 1689 1841 1715 κατα-

339 1735 523 1797 ληπτόν
543 1737 735 1783 diceres
754 1737 772 1782 ?
795 1736 821 1751 ''
883 1735 910 1752 “
932 1735 1033 1784 Sed
1051 1754 1166 1783 cum
1183 1744 1449 1799 acceptum
1467 1740 1568 1783 iam
1589 1743 1642 1783 et
1662 1753 1839 1799 appro-

336 1803 515 1850 batum
534 1810 686 1860 esset,
702 1803 1205 1866 comprehensionem
1222 1804 1530 1867 appellabat,
1547 1803 1762 1850 similem
1780 1807 1837 1850 iis

336 1871 486 1917 rebus
507 1887 639 1933 quae
658 1888 812 1917 manu
832 1872 1335 1934 prenderentur—ex
1355 1888 1455 1934 quo
1477 1875 1632 1918 etiam
1651 1887 1837 1918 nomen

335 1936 430 1984 hoc
455 1939 690 1994 duxerat,
710 1955 825 1985 cum
851 1955 911 1985 eo
937 1940 1090 1985 verbo
1117 1946 1270 1986 antea
1289 1955 1439 1985 nemo
1463 1939 1554 1985 tali
1574 1942 1625 1984 in
1643 1955 1698 1984 re
1718 1955 1835 1985 usus

337 2012 489 2061 esset,
511 2006 839 2068 plurimisque
863 2006 999 2053 idem
1021 2010 1161 2053 novis
1184 2007 1348 2053 verbis
1372 2007 1522 2067 (nova
1546 2009 1678 2052 enim
1703 2006 1834 2053 dice—

334 2073 445 2136 bat)
468 2089 584 2119 usus
607 2081 700 2120 est.
725 2073 874 2132 Quod
897 2081 1070 2120 autem
1093 2080 1203 2120 erat
1223 2090 1373 2121 sensu
1394 2089 1763 2136 comprensum,
1783 2073 1834 2119 id

335 2143 499 2202 ipsum
516 2157 720 2187 sensum
738 2141 1046 2204 appellabat,
1065 2148 1118 2188 et
1134 2145 1173 2187 si
1190 2145 1263 2188 ita
1281 2147 1390 2188 erat
1407 2157 1758 2204 comprensum
1774 2147 1833 2187 ut

885 2239 900 2262 ¹
930 2237 1073 2279 Reid:
1106 2242 1150 2279 et
1169 2239 1291 2279 codd.

391 2348 411 2367 ⁰
440 2344 524 2390 i.e.‚
541 2356 567 2383 a
582 2343 884 2384 combination
901 2344 950 2383 of
967 2343 1161 2383 external
1179 2344 1438 2394 impression
1460 2357 1510 2383 or
1529 2345 1826 2395 presentation

335 2397 425 2438 and
456 2397 643 2438 internal
671 2401 848 2445 assent;
896 2398 977 2438 but
1005 2398 1079 2438 the
1109 2402 1313 2438 sentence
1342 2399 1378 2438 is
1407 2397 1679 2449 inter-rupted
1711 2398 1770 2449 by
1800 2411 1828 2438 a

335 2451 623 2504 parenthesis.
1223 2451 1240 2476 δ
1273 2453 1472 2501 ἐνάργεια,
1493 2464 1565 2492 see
1585 2453 1628 2492 ii.
1655 2454 1704 2492 18
1725 2464 1767 2492 n.

395 2511 409 2530 ⁶
446 2505 776 2557 Cumpreleensio
805 2506 840 2545 is
869 2504 977 2545 used
1011 2504 1080 2545 for
1112 2506 1479 2557 comprehensum,
1509 2518 1558 2546 as
1598 2508 1825 2558 κατάληψις

337 2572 426 2599 was
447 2560 516 2599 for
537 2561 818 2608 καταληπτικὴ
841 2561 1059 2609 φαντασία.
1113 2558 1195 2600 See
1218 2560 1261 2600 ii.
1290 2562 1383 2600 145.

338 2631 430 2672 448
