1853 3001
897 234 1148 282 CICERO

280 371 415 415 enim
449 369 588 413 venis
623 372 678 413 et
711 369 875 412 nervis
911 372 964 412 et
999 365 1191 411 ossibus
1226 366 1552 412 continentur
1585 380 1679 412 nec
1711 366 1769 411 iis

280 438 404 482 escis
431 441 519 480 aut
543 434 831 496 potionibus
857 439 1128 479 vescuntur
1151 439 1210 479 ut
1235 439 1323 478 aut
1347 435 1492 478 nimis
1518 447 1656 478 acres
1681 439 1771 478 aut

278 506 424 549 nimis
462 508 720 548 concretos
759 517 957 546 umores
995 500 1251 563 colligant,
1277 516 1370 546 nec
1399 503 1456 546 iis
1483 500 1769 561 corporibus

279 576 397 616 sunt
445 576 503 616 ut
555 585 696 615 casus
743 575 832 614 aut
876 571 1004 614 ictus
1052 571 1389 613 extimescant
1436 573 1526 614 aut
1571 567 1770 613 morbos

278 643 515 683 metuant
551 652 614 682 ex
649 634 1019 698 defetigatione
1051 636 1411 690 membrorum,
1436 650 1568 698 quae
1594 650 1770 680 verens

279 704 524 766 Epicurus
555 719 960 765 monogrammos
995 703 1114 749 deos
1150 709 1204 749 et
1236 701 1358 747 nihil
1391 708 1603 765 agentes
1641 717 1774 747 com-

203 781 255 820 60
279 778 481 817 mentus
518 777 610 817 est..
682 770 759 816 Illi
793 777 967 816 autem
1000 768 1335 832 pulcherrima
1369 767 1529 815 forma
1554 768 1772 830 praediti

280 842 646 901 purissimaque
682 840 735 883 in
770 841 977 900 regione
1015 835 1140 883 caeli
1173 836 1403 882 collocati
1435 839 1508 882 ita
1540 834 1774 882 feruntur

278 906 710 967 moderanturque
748 921 918 950 cursus
956 911 1014 950 ut
1053 904 1118 950 ad
1150 906 1319 950 omnia
1351 903 1693 950 conservanda
1720 908 1774 949 et

280 973 473 1020 tuenda
497 975 807 1019 consensisse
833 972 1115 1017 videantur„

345 1039 373 1055 “
400 1039 600 1086 Multae
632 1046 804 1085 autem
837 1040 964 1085 aliae
996 1045 1210 1084 naturae
1241 1037 1452 1083 deorum
1483 1052 1546 1083 ex
1576 1038 1773 1099 magnis

279 1106 536 1153 beneficiis
564 1123 737 1153 eorum
764 1123 864 1152 non
890 1110 997 1152 sine
1024 1121 1175 1152 causa
1194 1111 1247 1151 et
1267 1121 1294 1150 a
1316 1104 1560 1150 Graeciae
1579 1107 1776 1166 sapien-

281 1177 485 1221 tissimis
508 1180 562 1221 et
584 1191 613 1220 a
634 1174 905 1220 maioribus
927 1176 1109 1220 nostris
1131 1175 1440 1219 constitutae
1462 1173 1777 1218 nominatae-

281 1257 381 1304 que
406 1248 541 1288 sunt.
610 1240 864 1303 Quicquid
884 1243 1019 1287 enim
1044 1255 1283 1303 magnam
1303 1239 1579 1285 utilitatem
1598 1239 1775 1302 generi

281 1308 507 1355 adferret
541 1307 780 1363 humano,
814 1308 867 1354 id
901 1323 1003 1354 non
1037 1310 1145 1354 sine
1182 1307 1349 1353 divina
1384 1306 1616 1352 bonitate
1652 1320 1776 1368 erga

281 1374 508 1422 homines
539 1374 645 1422 fieri
675 1375 1067 1421 arbitrabantur.
1137 1374 1321 1436 Itaque
1349 1379 1461 1420 tum
1487 1372 1611 1419 illud
1639 1370 1776 1435 quod

282 1449 393 1489 erat
428 1459 456 1488 a
492 1443 588 1489 deo
623 1448 822 1488 natum1
851 1445 1054 1488 nomine
1090 1445 1244 1503 ipsius
1281 1440 1363 1487 dei
1393 1439 1776 1502 nuncupabant,

281 1517 341 1556 ut
381 1527 496 1556 cum
537 1508 708 1573 fruges
751 1509 989 1556 Cererem
1026 1509 1339 1571 appellamus
1381 1510 1552 1554 vinum
1601 1513 1776 1553 autem

282 1576 541 1633 Liberum,
565 1593 629 1624 ex
654 1593 753 1640 quo
774 1577 899 1623 illud
921 1576 1145 1623 Terentii
1168 1592 1179 1622 :

573 1664 666 1703 sine
688 1662 844 1704 Cerere
865 1666 909 1703 et
931 1661 1090 1702 Libero
1111 1662 1243 1713 friget
1264 1660 1430 1708 Venus,

203 1746 251 1785 61
279 1744 389 1783 tum
429 1744 602 1784 autem
641 1754 719 1784 res
757 1741 867 1799 ipsa
903 1740 955 1783 in
994 1753 1094 1800 qua
1131 1740 1202 1783 vis
1241 1739 1375 1782 inest
1410 1738 1570 1782 maior
1606 1734 1776 1797 aliqua

282 1808 351 1850 sic
381 1805 667 1866 appellatur
695 1812 753 1851 ut
788 1821 847 1851 ea
875 1808 1003 1866 ipsa2
1033 1807 1322 1850 nominetur
1351 1803 1493 1858 deus,
1521 1808 1580 1848 ut
1609 1801 1775 1858 Fides,

284 1879 343 1918 ut
363 1871 530 1926 Mens,
548 1888 671 1934 quas
687 1876 739 1918 in
756 1871 1004 1934 Capitolio
1022 1871 1281 1918 dedicatas
1297 1870 1524 1916 videmus
1545 1872 1775 1931 proxime

283 1955 314 1984 a
370 1938 442 1984 M.
478 1939 694 1986 Aemilio
744 1938 946 1994 Scauro,
993 1945 1113 1985 ante
1159 1944 1333 1984 autem
1388 1937 1452 1983 ab
1506 1936 1568 1982 A.
1618 1935 1776 1982 Atilio

282 2004 512 2052 Calatino
539 2013 649 2052 erat
675 2006 822 2053 Fides
847 2013 1155 2053 consecrata.
1223 2004 1376 2051 Vides
1403 2003 1615 2050 Virtutis
1647 2009 1777 2050 tem-

282 2072 440 2135 plum,
468 2073 606 2120 vides
635 2073 852 2120 Honoris
881 2090 909 2120 a
939 2073 1013 2119 M.
1047 2072 1290 2118 Marcello
1316 2077 1614 2118 renovatum
1641 2069 1775 2133 quod

673 2170 690 2194 1
720 2169 875 2209 datum
899 2169 963 2209 vel
987 2168 1203 2209 donatum
1223 2167 1400 2208 Davies.

602 2223 619 2248 ²
650 2225 743 2275 ipsa
766 2224 805 2263 B
824 2241 833 2263 z
868 2225 962 2274 ipsa
983 2224 1048 2263 vis
1070 2224 1129 2269 A,
1152 2224 1245 2273 ipsa
1266 2234 1334 2262 res
1355 2221 1456 2261 dett.

351 2332 370 2352 ⁰
400 2328 438 2367 A
456 2327 670 2379 probable
684 2329 926 2368 correction
943 2326 1070 2367 reads
1087 2326 1096 2341 ‘
1112 2328 1243 2378 given
1263 2324 1356 2377 by,'
1372 2324 1428 2377 cf.
1446 2325 1473 2364 i.
1490 2326 1545 2365 38
1566 2323 1655 2364 and
1676 2326 1769 2364 118.

355 2381 370 2404 ²>
401 2381 494 2422 The
522 2381 745 2434 language
768 2394 907 2421 seems
936 2386 982 2421 to
1011 2380 1202 2420 indicate
1229 2379 1326 2419 that
1353 2378 1427 2419 the
1450 2378 1654 2431 building
1682 2390 1771 2418 was

287 2434 440 2475 visiblc
467 2436 582 2475 from
611 2436 686 2476 the
713 2436 869 2476 exedra
897 2436 948 2475 of
972 2434 1139 2475 Cotta's
1168 2434 1385 2480 mansion,
1414 2432 1558 2473 where
1584 2432 1658 2472 the
1686 2432 1773 2472 dis-

286 2491 461 2528 cussion
483 2488 591 2529 took
612 2489 738 2541 place
759 2490 805 2539 (i.
833 2489 917 2539 14).
969 2489 1010 2528 A
1031 2486 1195 2539 temple
1215 2500 1321 2527 near
1341 2486 1416 2527 the
1438 2486 1570 2527 Porta
1589 2485 1771 2538 Capena

286 2554 375 2581 was
411 2542 641 2583 dedicated
677 2547 722 2583 to
758 2543 913 2584 Honos
947 2541 1010 2594 by
1047 2541 1210 2581 Fabius
1246 2540 1501 2588 Cunctator,
1536 2539 1625 2580 and
1662 2539 1771 2580 later

286 2595 495 2648 enlarged
523 2596 583 2648 by
613 2596 850 2637 Marcellus
876 2595 965 2636 and
991 2593 1222 2636 dedicated
1247 2598 1294 2636 to
1319 2594 1476 2635 Honos
1500 2592 1590 2634 and
1617 2593 1770 2634 Virtus

296 2665 388 2706 180
