1919 3006
935 182 1187 231 CICERO

230 322 284 363 27
311 312 532 359 rebatur.
604 310 705 358 Sed
746 312 1028 357 subiectam
1064 317 1252 373 putant
1294 311 1525 358 omnibus
1561 316 1669 359 slne
1711 312 1809 359 ulla

309 383 478 442 specie
520 386 677 442 atque
723 385 984 424 carentem
1031 381 1167 425 omni
1213 378 1297 424 illa
1343 378 1592 441 qualitate
1639 378 1811 442 (facia-

308 463 421 493 mus
452 450 585 493 enim
614 446 883 492 tractando
911 449 1146 492 usitatius
1175 444 1270 492 hoc
1297 447 1509 492 verbum
1538 453 1592 493 et
1619 447 1808 509 tritius)

309 517 578 561 materiam
606 513 880 576 quandam,
909 529 936 559 e
965 529 1065 575 qua
1092 516 1261 559 omnia
1288 529 1527 575 expressa
1554 520 1710 576 atque
1739 513 1810 560 ef-

310 582 428 628 ficta
449 585 566 637 sint,
587 597 719 644 quae
740 597 841 626 una
861 583 1029 626 onmia
1051 583 1277 642 accipere
1297 584 1456 642 possit
1475 582 1810 644 omnibusque

308 650 470 696 modis
481 651 667 694 mutari
685 655 840 710 atque
853 664 915 694 ex
927 651 1063 693 omni
1072 654 1237 709 parte,
1250 654 1406 710 atque
1418 651 1574 694 etiam
1584 652 1810 705 interire,

311 733 413 762 non
437 720 488 761 in
508 715 719 761 nihilum
744 715 834 761 sed
852 718 904 760 in
928 731 1043 761 suas
1068 722 1257 776 partes,
1278 731 1410 777 quae
1435 715 1631 761 infinite
1651 719 1807 762 secari

309 800 365 830 ac
387 783 540 829 dividi
558 786 762 845 possint,
781 799 894 828 cum
915 785 978 828 sit
996 781 1116 827 nihil
1140 785 1339 828 omnino
1361 785 1412 828 in
1434 798 1603 829 rerum
1628 790 1811 829 natura

308 854 574 897 minimum
594 849 729 912 quod
755 850 908 896 dividi
931 856 1188 912 nequeat3
1223 865 1356 912 quae
1381 856 1555 896 autem
1573 866 1811 896 movean-

309 925 410 973 tur,
448 920 616 964 omnia
656 917 930 963 intervallis
966 919 1172 971 moveri,
1211 932 1343 979 quae
1383 916 1649 963 intervalla
1683 920 1810 964 item

232 996 286 1036 28
310 986 507 1032 infinite
536 985 690 1031 dividi
718 987 926 1046 possint.
990 984 1060 1030 Et
1088 1000 1203 1029 cum
1230 987 1304 1030 ita
1330 991 1597 1031 moveatur
1623 984 1709 1030 illa
1736 987 1808 1031 vis

312 1069 465 1115 quam
517 1052 819 1114 qualitatem
867 1067 976 1098 esse
1028 1051 1244 1098 diximus
1293 1058 1346 1097 et
1392 1068 1507 1098 cum
1557 1055 1626 1098 sic
1676 1051 1809 1098 ultro

311 1124 539 1182 citroque
568 1126 814 1174 versetur,
846 1126 900 1165 et
927 1122 1196 1165 materiam
1220 1121 1381 1180 ipsam
1411 1125 1576 1165 totam
1604 1122 1808 1181 penitus

311 1190 611 1234 commutari
631 1193 818 1248 putant
849 1193 902 1232 et
923 1185 1007 1231 illa
1029 1185 1155 1232 effici
1178 1202 1309 1248 quae
1332 1186 1592 1248 appellant
1622 1186 1808 1248 qualia,

313 1271 340 1301 e
378 1255 559 1317 quibus
596 1257 648 1300 in
685 1257 821 1300 omni
858 1260 1041 1299 natura
1077 1252 1384 1299 cohaerente
1422 1260 1476 1300 et
1512 1257 1810 1300 continuata

311 1339 427 1368 cum
451 1322 681 1368 omnibus
707 1324 806 1367 suis
831 1321 1059 1383 partibus
1085 1337 1242 1366 unum
1269 1319 1506 1366 effectum
1532 1336 1641 1367 esse
1664 1337 1810 1367 mun-

312 1390 450 1445 dum,
481 1395 627 1435 extra
655 1404 809 1451 quem
837 1388 975 1434 nulla
1001 1403 1116 1450 pars
1143 1391 1391 1434 materiae
1419 1391 1486 1434 sit
1512 1387 1809 1451 nullumque

312 1473 508 1519 corpus,
538 1462 710 1518 partes
743 1462 917 1502 autem
949 1471 1058 1501 esse
1088 1455 1264 1501 mundi
1295 1458 1464 1501 omnia
1493 1471 1625 1518 quae
1654 1458 1811 1502 insint

311 1527 363 1571 in
395 1540 454 1570 eo
485 1540 616 1586 quae
647 1530 830 1569 natura
859 1526 1116 1569 sentiente
1146 1529 1439 1578 teneantur,
1468 1525 1520 1568 in
1550 1539 1652 1585 qua
1679 1525 1810 1569 ratio

313 1590 542 1654 perfecta
564 1594 684 1637 insit
710 1606 842 1653 quae
871 1593 938 1636 sit
962 1590 1143 1636 eadem
1166 1593 1478 1652 sempiterna
1507 1588 1650 1652 (nihil
1675 1593 1809 1636 enim

234 1669 288 1708 29
314 1659 563 1705 valentius
599 1674 707 1704 esse
742 1674 771 1703 a
804 1674 903 1720 quo
936 1656 1214 1720 intereat);
1266 1673 1419 1719 quam
1452 1660 1553 1702 vim
1586 1659 1810 1704 animum

314 1742 423 1772 esse
451 1726 626 1772 dicunt
652 1725 845 1780 mundi,
875 1724 1193 1786 eandemque
1222 1739 1331 1770 esse
1357 1731 1586 1770 mentem
1613 1727 1810 1786 sapien-

312 1797 540 1855 tiamque
568 1790 867 1854 perfectam,
896 1808 1049 1855 quem
1077 1791 1231 1838 deum
1259 1790 1536 1854 appellant,
1563 1794 1809 1837 omnium-

313 1876 413 1923 que
444 1876 612 1906 rerum
645 1875 776 1922 quae
807 1862 909 1905 sint
941 1862 988 1905 ei
1019 1859 1278 1905 subiectae
1310 1861 1453 1921 quasi
1483 1858 1809 1920 prudentiam

314 1928 586 1991 quandam,
617 1933 974 1989 procurantem
1004 1925 1244 1972 caelestia
1271 1928 1511 1981 maxime,
1542 1925 1727 1972 deinde
1756 1929 1809 1971 in

313 1997 460 2041 terris
492 2011 553 2041 ea
583 2010 714 2057 quae
743 1997 1038 2056 pertineant
1067 1993 1132 2040 ad
1161 1992 1389 2039 homines
1412 2008 1424 2048 ;
1472 2009 1626 2056 quam
1655 1995 1809 2039 inter-

370 2123 387 2141 α
418 2117 502 2164 i.e.‚
520 2129 672 2168 spaces
687 2117 737 2157 of
748 2116 850 2156 void
871 2129 920 2156 or
938 2129 1130 2157 vacuum
1150 2115 1248 2156 that
1267 2129 1341 2157 are
1362 2114 1560 2156 between
1577 2114 1652 2156 the
1672 2113 1807 2156 solids

317 2171 407 2212 and
427 2170 584 2212 enable
604 2170 726 2211 them
747 2174 793 2210 to
815 2183 955 2210 move.

375 2225 390 2250 b
420 2225 503 2266 See
532 2229 551 2272 ἓ
579 2228 633 2265 525
656 2239 697 2264 n.
757 2224 853 2265 The
886 2223 1029 2264 Stoics
1063 2222 1260 2263 asserted
1294 2221 1392 2262 that
1425 2221 1688 2275 everything
1715 2220 1806 2262 real

315 2279 395 2320 has
423 2282 510 2319 two
536 2282 840 2330 components,
866 2277 940 2318 the
965 2280 1106 2317 active
1135 2276 1222 2316 and
1253 2276 1327 2316 the
1357 2277 1544 2327 passive,
1568 2277 1688 2316 force
1716 2275 1805 2316 and

314 2337 487 2379 matter,
510 2333 598 2372 and
616 2332 721 2384 they
737 2331 968 2384 expressed
986 2331 1059 2371 the
1076 2332 1240 2371 former
1256 2343 1304 2369 as
1321 2330 1330 2345 ‘
1348 2328 1521 2382 quality
1537 2329 1547 2346 ’
1563 2345 1574 2376 ς
1604 2330 1685 2370 but
1699 2329 1804 2381 they

312 2386 595 2438 emphasized
616 2387 729 2426 their
752 2385 1037 2426 materialism
1058 2384 1120 2436 by
1139 2386 1391 2424 sometimes
1411 2383 1634 2437 speaking
1658 2384 1709 2425 of
1730 2383 1805 2425 the

313 2441 566 2493 qualifying
585 2441 704 2481 force
725 2452 772 2480 as
793 2453 820 2480 a
839 2444 1016 2480 current
1037 2439 1087 2478 of
1102 2440 1180 2478 air.

377 2500 392 2519 ⁶
421 2498 530 2534 ποιά.
874 2493 893 2517 ‘²
921 2494 1148 2533 Natura:
1162 2493 1425 2541 οὐσίας-ὕλη,
1448 2489 1507 2543 cf.
1528 2490 1572 2532 ii.
1598 2493 1691 2532 118.

376 2554 392 2573 ⁶
425 2547 495 2599 Cf.
518 2547 636 2588 N.D.
661 2549 703 2588 ii.
724 2550 794 2595 22,
816 2550 884 2595 75,
906 2550 975 2588 85.

320 2617 414 2660 438
