1853 3001
202 830 253 870 91

899 161 1151 210 CICERO

275 295 434 343 futuri
457 309 469 349 ς
514 299 568 339 at
592 291 821 338 homines
847 294 955 338 nati
978 307 990 347 ;
1036 298 1156 338 ante
1181 294 1339 355 igitur
1363 290 1587 338 humana
1611 291 1772 340 forma

278 386 432 434 quam
473 367 719 422 homines,
757 372 939 430 eaquel
978 374 1123 413 erant
1165 365 1327 413 forma
1370 368 1421 414 di
1462 366 1772 415 inmortales.

278 446 393 493 Non
431 460 550 507 ergo
587 442 785 488 illorum
822 440 1045 488 humana
1081 440 1244 488 forma
1280 443 1372 489 sed
1408 449 1580 490 nostra
1603 443 1772 490 divina

278 519 493 569 dicenda
519 524 611 564 est.

344 594 371 611 “
391 594 581 640 Verum
599 591 693 638 hoc
714 592 920 654 quidem
940 598 998 638 ut
1022 590 1200 638 voletis
1225 607 1236 647 ;
1272 590 1397 638 illud
1416 608 1621 654 quaero,
1641 608 1773 655 quae

278 671 434 719 fuerit
474 675 621 716 tanta
662 666 868 713 fortuna
910 665 1054 730 (nihil
1097 669 1233 712 enim
1274 669 1472 713 ratione
1513 670 1566 713 in
1605 683 1774 714 rerum

279 753 462 793 natura
506 742 699 789 factum
747 758 855 788 esse
902 741 1232 804 vultis)-—sed
1286 748 1460 788 tamen
1513 745 1624 805 quis
1675 745 1774 789 iste

281 827 454 868 tantus
478 834 638 873 casus,
663 817 798 863 unde
822 824 929 862 tam
954 815 1075 862 felix
1100 833 1366 863 concursus
1392 824 1693 873 atomorum,
1716 824 1776 864 ut

280 901 493 958 repente
509 892 737 939 homines
755 891 964 938 deorum
981 890 1141 937 forma
1158 898 1499 938 nascerentur.
1550 890 1775 938 Semina-

281 987 345 1018 ne
392 970 602 1017 deorum
645 967 890 1014 decidisse
938 967 1002 1013 de
1050 965 1189 1012 caelo
1236 973 1475 1029 putamus
1519 969 1571 1012 in
1613 973 1773 1013 terras

282 1054 336 1094 et
378 1048 447 1092 sic
489 1043 717 1090 homines
760 1049 965 1104 patrum
1009 1041 1193 1088 similes
1239 1042 1511 1088 extitisse?
1578 1041 1775 1089 Vellem

282 1122 552 1174 diceretis3
623 1118 833 1164 deorum
886 1119 1242 1180 cognationem
1296 1133 1618 1180 agnoscerem
1675 1133 1775 1164 non

280 1198 481 1243 invitus.
552 1191 688 1238 Nihil
723 1191 825 1238 tale
863 1191 1045 1247 dicitis,
1071 1191 1160 1238 sed
1196 1207 1314 1238 casu
1348 1207 1457 1238 esse
1493 1189 1686 1238 factum
1718 1198 1777 1239 ut

283 1285 505 1318 essemus
531 1266 717 1314 similes
743 1267 967 1313 deorum.

348 1343 464 1390 “Et
493 1359 625 1389 nunc
655 1348 957 1404 argumenta
993 1340 1284 1403 quaerenda
1312 1346 1431 1387 sunt
1466 1340 1647 1403 quibus
1682 1339 1777 1388 hoc

282 1417 583 1467 refellatur?
653 1415 866 1462 Utinam
910 1422 1018 1462 tam
1056 1413 1202 1461 facile
1241 1430 1359 1460 vera
1394 1416 1619 1461 invenire
1664 1431 1777 1478 pos-

283 1511 391 1543 sem
415 1509 568 1556 quam
591 1489 718 1537 falsa
753 1493 1062 1537 convincere.
1131 1489 1378 1536 XXXIII.
1416 1489 1623 1536 Etenim
1656 1505 1777 1537 enu-

280 1570 488 1616 merasti
546 1568 841 1612 memoriter
902 1571 956 1611 et
1007 1567 1224 1626 copiose,
1279 1570 1338 1610 ut
1391 1562 1514 1609 mihi
1570 1564 1776 1627 quidem

283 1645 517 1691 admirari
561 1640 762 1687 luberet
803 1642 856 1685 in
899 1638 1102 1685 homine
1149 1654 1257 1685 esse
1304 1638 1530 1685 Romano
1574 1645 1775 1685 tantam

281 1721 561 1772 scientiam,
591 1731 751 1778 usque
782 1731 811 1760 a
838 1713 995 1760 Thale
1029 1712 1229 1760 Milesio
1260 1713 1323 1760 de
1354 1713 1564 1760 deorum
1593 1721 1776 1760 natura

204 1803 257 1843 92
280 1790 689 1857 philosophorum
709 1792 1003 1836 sententias.
1075 1788 1333 1836 Omnesne
1354 1789 1448 1835 tibi
1468 1787 1538 1833 illi
1561 1787 1774 1835 delirare

282 1872 371 1916 visi
397 1874 515 1914 sunt
541 1868 627 1929 qui
653 1868 759 1911 sine
785 1865 1018 1910 manibus
1045 1870 1099 1910 et
1123 1864 1338 1926 pedibus
1365 1869 1594 1910 constare
1622 1863 1775 1910 deum

282 1959 428 2007 posse
483 1940 841 1988 decreverint?
925 1938 1002 1985 Ne
1056 1937 1150 1985 hoc
1205 1938 1412 2001 quidem
1464 1953 1550 1984 vos
1603 1945 1776 1984 movet

282 2017 662 2070 considerantis,
688 2030 818 2077 quae
845 2016 909 2059 sit
935 2012 1127 2059 utilitas
1159 2028 1392 2075 quaeque
1422 2015 1774 2074 opportunitas

281 2096 334 2140 in
352 2092 554 2139 homine
574 2090 933 2144 membrorum,
955 2095 1012 2134 ut
1031 2088 1264 2135 iudicetis
1283 2088 1522 2134 membris
1542 2086 1773 2134 humanis

283 2169 403 2215 deos
432 2183 533 2213 non
564 2164 756 2228 egere?
825 2162 960 2221 Quid
991 2166 1125 2208 enim
1154 2163 1368 2224 pedibus
1399 2178 1523 2224 opus
1554 2168 1633 2208 est
1662 2165 1770 2209 sine

283 2247 527 2306 ingressu,
571 2240 693 2302 quid
734 2239 966 2284 manibus
1009 2240 1048 2284 si
1092 2236 1214 2282 nihil
1256 2235 1769 2298 conprehendendum

285 2326 379 2372 est,
442 2315 564 2378 quid
625 2313 818 2376 reliqua
881 2313 1204 2374 discriptione
1267 2314 1491 2357 omnium
1553 2314 1771 2374 corporis

283 2394 522 2455 partium,
557 2392 609 2434 in
646 2404 746 2451 qua
781 2386 904 2433 nihil
939 2390 1106 2442 inane,
1142 2385 1264 2432 nihil
1299 2389 1406 2432 sine
1448 2401 1615 2442 causa,
1650 2384 1771 2432 nihil

694 2504 712 2531 ²
742 2518 881 2557 eaque
903 2504 1004 2544 dect.
1025 2520 1034 2544 =
1068 2516 1119 2543 ea
1139 2515 1229 2555 qua
1248 2503 1309 2550 A,
1330 2502 1384 2544 B.

292 2579 354 2622 88
