1919 3006
916 163 1166 211 CICERO

299 294 667 350 oblectationis,
704 293 788 340 illa
827 297 1160 350 necessitatis,
1199 293 1362 341 cultus
1403 294 1511 341 dico
1552 311 1784 357 agrorum

301 379 746 438 extructionesque
779 382 1048 431 tectorum,
1079 382 1382 438 tegumenta
1413 392 1674 438 corporum
1707 374 1786 422 vel

300 464 447 505 texta
469 456 549 503 vel
572 464 686 503 suta
708 472 1012 520 omnemque
1035 455 1278 503 fabricam
1301 459 1428 503 aeris
1452 463 1505 503 et
1526 455 1646 503 ferri
1667 472 1680 513 ς
1721 472 1786 503 ex

300 556 398 602 quo
424 537 738 602 intellegitur
764 538 828 585 ad
852 541 1059 584 inventa
1086 541 1268 594 animo,
1291 544 1534 600 percepta
1559 538 1786 584 sensibus

301 619 538 667 adhibitis
582 619 817 682 opificum
859 620 1090 665 manibus
1134 622 1301 666 onmia
1343 635 1432 665 nos
1475 626 1787 675 consecutos,

302 708 360 748 ut
404 704 529 748 tecti
574 707 633 748 ut
677 703 848 747 vestiti
894 708 952 747 ut
996 699 1117 747 salvi
1163 716 1272 747 esse
1315 716 1594 763 possemus,
1638 701 1788 748 urbes

193 791 265 831 151
293 799 459 829 muros
522 781 773 829 domicilia
839 781 1049 829 delubra
1110 780 1427 828 haberemus.
1497 781 1608 828 Iam
1669 797 1787 828 vero

299 864 533 926 operibus
593 861 869 919 hominum,
923 863 977 910 id
1033 869 1111 909 est
1170 864 1420 920 manibus,
1476 863 1572 910 cibi
1632 864 1789 907 etiam

299 947 516 992 varietas
563 947 818 991 invenitur
866 950 920 991 et
966 947 1123 1007 copia.
1194 943 1324 990 Nam
1372 949 1426 992 et
1473 946 1580 1008 agri
1626 943 1789 991 multa

297 1025 514 1072 efferunt
571 1042 725 1072 manu
790 1028 1022 1089 quaesita
1088 1041 1218 1089 quae
1286 1023 1367 1072 vel
1432 1028 1606 1073 statim
1673 1041 1788 1072 con-

298 1114 562 1154 sumantur
591 1106 671 1153 vel
699 1107 1006 1153 mandentur
1038 1107 1242 1153 condita
1274 1110 1536 1163 vetustati,
1563 1113 1616 1154 et
1643 1122 1789 1170 prae-

300 1195 443 1235 terea
493 1191 739 1234 vescimur
787 1188 962 1234 bestiis
1014 1194 1068 1234 et
1115 1191 1330 1234 terrenis
1381 1195 1434 1234 et
1484 1187 1788 1251 aquatilibus

299 1276 352 1316 et
373 1268 656 1317 volantibus
678 1273 864 1332 partim
887 1269 1131 1332 capiendo
1152 1272 1337 1332 partim
1361 1268 1556 1316 alendo.
1625 1269 1788 1315 Effici-

295 1367 407 1398 mus
452 1354 607 1397 etiam
651 1349 846 1397 domitu
890 1357 1060 1397 nostro
1105 1350 1477 1414 quadripedum
1513 1353 1787 1407 vectiones,

297 1448 511 1496 quorum
540 1431 771 1478 celeritas
802 1439 957 1495 atque
987 1434 1058 1478 vis
1087 1432 1229 1478 nobis
1258 1435 1377 1494 ipsis
1407 1429 1575 1479 adfert
1602 1434 1702 1478 vim
1732 1438 1786 1478 et

296 1513 613 1560 celeritatem
638 1529 649 1569 3
699 1530 788 1560 nos
821 1529 975 1560 onera
1007 1513 1308 1576 quibusdam
1339 1514 1514 1560 bestiis
1545 1529 1635 1560 nos
1666 1517 1786 1577 iuga

294 1598 598 1657 inponimus,
614 1612 703 1641 nos
722 1594 1107 1657 elephantorum
1124 1598 1438 1641 acutissumis
1455 1595 1681 1641 sensibus
1694 1611 1784 1641 nos

296 1680 576 1740 sagacitate
614 1693 795 1722 canum
834 1677 895 1723 ad
936 1676 1212 1723 utilitatem
1249 1682 1473 1723 nostram
1511 1677 1784 1732 abutimur,

296 1775 385 1804 nos
415 1774 442 1804 e
470 1765 637 1804 terrae
666 1761 889 1804 cavernis
918 1756 1106 1803 ferrum
1137 1757 1367 1821 eligimus
1394 1773 1502 1804 rem
1531 1758 1595 1804 ad
1621 1757 1786 1804 colen-

295 1839 383 1886 dos
417 1856 562 1902 agros
594 1843 945 1894 necessariam,
977 1855 1066 1885 nos
1100 1843 1227 1886 aeris
1260 1841 1457 1902 argenti
1491 1842 1598 1885 auri
1629 1854 1781 1885 venas

292 1924 495 1984 penitus
523 1921 720 1968 abditas
740 1924 1019 1967 invenimus
1047 1927 1100 1967 et
1125 1921 1190 1967 ad
1215 1937 1359 1967 usum
1381 1926 1525 1982 aptas
1546 1926 1600 1966 et
1619 1920 1684 1967 ad
1708 1937 1784 1966 or·-

293 2009 470 2048 natum
489 2002 707 2049 decoras.
746 2002 999 2049 Arborum
1019 2008 1191 2048 autem
1209 2005 1527 2048 consectione
1545 2004 1782 2064 omnique

291 2087 507 2129 materia
539 2090 593 2130 et
623 2082 760 2130 culta
793 2090 845 2130 et
877 2083 1090 2130 silvestri
1121 2086 1306 2145 partim
1339 2083 1404 2130 ad
1434 2081 1781 2130 calficiendum

291 2181 469 2227 corpus
490 2168 596 2228 igni
617 2163 844 2212 adhibito
867 2171 920 2211 et
943 2165 1006 2211 ad
1027 2164 1364 2228 mitigandum
1385 2164 1552 2210 cibum
1574 2166 1781 2220 utimur,

290 2249 476 2308 partim
508 2246 571 2293 ad
609 2246 976 2293 aedificandum
1008 2252 1067 2292 ut
1101 2248 1251 2292 tectis
1287 2248 1451 2307 saepti
1481 2243 1668 2309 frigora
1697 2261 1778 2292 ca-

186 2335 261 2375 152
286 2327 515 2391 loresque
546 2326 822 2390 pellamus;
860 2343 1069 2391 magnos
1105 2342 1223 2373 vero
1255 2342 1372 2373 usus
1398 2324 1565 2373 adfert
1595 2326 1661 2374 ad
1692 2341 1779 2372 na-

290 2411 424 2471 vigia
444 2407 692 2464 facienda,
715 2424 927 2471 quorum
949 2408 1172 2454 cursibus
1193 2407 1584 2470 subpeditantur
1603 2423 1777 2455 omnes

290 2490 512 2553 undique
536 2490 600 2537 ad
621 2493 776 2536 vitam
798 2492 972 2552 copiae
994 2504 1008 2546 ;
1047 2505 1273 2553 quasque
1293 2505 1373 2536 res
1397 2488 1775 2536 violentissimas

289 2575 383 2623 268
