1919 3006
916 211 1169 260 CICERO

293 340 446 388 oculis
482 357 734 398 sevocare,
769 342 860 389 sed
895 358 995 406 quo
1029 345 1190 406 magis
1226 358 1407 389 sevoco
1445 359 1505 390 eo
1539 346 1703 390 minus
1737 343 1788 391 id

295 416 430 479 quod
449 423 505 462 tu
522 420 593 463 vis
612 433 817 479 possum
831 424 1006 463 mente
1023 416 1468 480 comprehendere.
1521 418 1610 465 IX.
1635 417 1789 464 ‘Nihil

296 498 374 538 est
410 492 599 538 mundo
637 491 815 538 melius
853 494 903 538 in
942 508 1111 538 rerum
1148 490 1365 538 natura.'
1436 491 1514 539 Ne
1551 495 1604 538 in
1640 495 1787 540 terris

295 566 501 629 quidem
525 567 649 613 urbe
674 574 847 613 nostra
871 583 881 613 :
923 583 1044 613 num
1068 569 1224 630 igitur
1247 567 1429 613 idcirco
1452 569 1505 613 in
1527 567 1652 613 urbe
1677 581 1788 614 esse

294 645 543 688 rationem
572 645 935 706 cogitationem
962 649 1190 688 mentem
1218 649 1385 704 putas,
1415 649 1521 698 aut,
1550 645 1788 706 quoniam

294 733 395 762 non
408 720 489 772 sit,
500 733 618 762 num
634 717 816 763 idcirco
832 719 1089 763 existimas
1104 716 1363 763 formicam
1379 717 1788 780 anteponendam

297 807 405 837 esse
431 790 547 838 huic
570 791 955 854 pulcherrumae
982 792 1110 848 urbi,
1137 792 1274 854 quod
1297 795 1349 837 in
1374 792 1498 838 urbe
1523 807 1698 838 sensus
1723 794 1790 838 sit

294 865 476 922 nullus,
506 869 558 912 in
587 865 796 913 formica
825 883 926 913 non
955 866 1105 914 modo
1135 883 1309 913 sensus
1340 867 1431 913 sed
1461 869 1617 913 etiam
1645 882 1788 912 mens

293 945 423 989 ratio
464 945 708 989 memoria
731 943 749 988 ?
824 941 1010 989 Videre
1053 949 1273 1004 oportet,
1315 941 1490 998 Balbe,
1532 941 1655 1005 quid
1694 941 1789 988 tibi

215 1024 269 1064 22
295 1017 618 1073 concedatur,
644 1034 746 1063 non
770 1024 824 1064 te
850 1020 1015 1080 ipsum
1042 1017 1178 1080 quod
1203 1016 1323 1063 velis
1350 1033 1564 1064 sumere.
1625 1015 1789 1063 Istum

295 1096 430 1139 enim
467 1092 633 1139 locum
670 1099 839 1139 totum
876 1091 960 1138 illa
997 1098 1143 1138 vetus
1182 1092 1396 1139 Zenonis
1433 1092 1599 1138 brevis
1639 1097 1692 1138 et
1729 1097 1789 1138 ut

294 1168 384 1215 tibi
417 1167 686 1214 videbatur
716 1174 866 1213 acuta
895 1166 1144 1213 conclusio
1176 1166 1422 1214 dilatavit.
1486 1166 1622 1213 Zeno
1653 1168 1788 1213 enim

293 1244 367 1288 ita
383 1241 636 1289 concludit
657 1258 666 1288 :
696 1249 707 1269 ‘
722 1241 872 1299 Quod
887 1244 1083 1288 ratione
1100 1244 1262 1288 utitur
1277 1241 1328 1288 id
1343 1240 1522 1288 melius
1541 1247 1619 1288 est
1635 1257 1788 1304 quam

293 1317 345 1363 id
371 1317 507 1380 quod
531 1319 728 1363 ratione
755 1333 855 1362 non
881 1319 1042 1362 utitur
1065 1331 1078 1372 ;
1121 1315 1245 1362 nihil
1271 1323 1446 1363 autem
1469 1316 1659 1363 mundo
1683 1330 1790 1362 me-

215 1397 268 1437 23
293 1390 386 1438 lius
411 1406 423 1447 ς
471 1394 668 1438 ratione
699 1394 854 1454 igitur
883 1391 1101 1437 mundus
1132 1389 1328 1437 utitur.’
1392 1389 1503 1437 Hoc
1532 1393 1573 1437 si
1602 1389 1789 1452 placet,

293 1469 395 1513 iam
415 1466 597 1512 efficies
618 1473 676 1512 ut
694 1465 912 1512 mundus
934 1469 1125 1528 optime
1146 1465 1329 1512 librum
1347 1464 1519 1529 legere
1539 1465 1789 1520 videatur3

294 1541 507 1588 Zenonis
549 1543 682 1588 enim
724 1544 947 1604 vestigiis
987 1540 1081 1587 hoc
1119 1541 1270 1588 modo
1309 1544 1560 1587 rationem
1598 1543 1788 1603 poteris

295 1615 592 1662 concludere
616 1632 628 1662 ε
666 1614 675 1631 ‘
702 1615 852 1674 Quod
869 1615 1155 1662 litteratum
1175 1623 1253 1662 est
1270 1615 1322 1662 id
1342 1622 1420 1662 est
1437 1614 1615 1661 melius
1635 1630 1788 1677 quam

295 1691 430 1754 quod
449 1708 551 1738 non
571 1697 650 1738 est
668 1690 955 1737 litteratum
978 1706 990 1746 ;
1028 1690 1149 1737 nihil
1172 1698 1346 1738 autem
1364 1691 1554 1738 mundo
1573 1690 1752 1737 melius
1775 1704 1789 1747 ;

294 1765 550 1812 litteratus
572 1768 728 1828 igitur
748 1772 825 1811 est
844 1764 1098 1812 mundus.'
1159 1765 1264 1812 Isto
1283 1766 1434 1812 modo
1457 1768 1612 1812 etiam
1634 1765 1789 1812 diser-

293 1847 376 1887 tus
403 1847 456 1887 et
481 1841 688 1904 quidem
711 1839 1121 1897 mathematicus,
1146 1844 1381 1897 musicus,
1407 1843 1543 1888 omni
1567 1841 1787 1904 denique

295 1916 524 1963 doctrina
579 1915 825 1971 eruditus,
881 1922 1139 1978 postremo
1194 1914 1556 1978 philosophus.1
1625 1913 1789 1978 Saepe

294 1991 466 2037 dixisti
485 1989 607 2037 nihil
628 1990 735 2036 fieri
755 1993 849 2036 nisi
872 2007 936 2036 ex
958 2007 1035 2047 eo,
1055 2007 1149 2036 nec
1168 1990 1305 2037 illam
1324 1993 1425 2037 vim
1447 2005 1555 2036 esse
1575 1996 1789 2036 naturae

295 2073 354 2112 ut
397 2068 473 2112 sui
517 2065 775 2113 dissimilia
817 2073 990 2129 posset
1034 2065 1272 2129 effingere
1297 2082 1308 2112 ε
1371 2064 1645 2112 concedam
1688 2081 1788 2111 non

294 2140 445 2186 modo
487 2143 800 2186 animantem
842 2148 895 2186 et
935 2143 1221 2201 sapientem
1263 2155 1372 2186 esse
1412 2138 1659 2186 mundum
1698 2139 1790 2186 sed

295 2214 549 2261 fidicinem
569 2217 725 2261 etiam
746 2222 800 2262 et
819 2216 1114 2270 tubicinem,
1134 2217 1373 2278 quoniam
1393 2229 1566 2260 earum
1586 2227 1789 2276 quoque

295 2293 481 2337 artium
523 2289 751 2336 homines
796 2306 858 2337 ex
905 2306 965 2337 eo
1007 2296 1337 2352 procreantur
1360 2289 1378 2335 ?
1455 2287 1591 2334 Nihil
1632 2291 1788 2352 igitur

545 2398 563 2423 ¹
588 2403 690 2451 post
710 2398 999 2452 philosophus
1021 2398 1148 2439 addit
1169 2399 1250 2439 erit
1270 2397 1464 2438 mundus
1485 2397 1569 2439 det.

356 2529 377 2550 ⁸
405 2524 499 2566 The
529 2528 621 2566 text
651 2525 688 2566 is
720 2523 935 2577 certainly
966 2527 1159 2577 corrupt,
1192 2523 1328 2576 being
1358 2520 1788 2574 sels-contradictory

298 2578 388 2620 and
410 2579 735 2632 contradicting
754 2580 797 2620 ii.
820 2581 890 2620 ΞΟ.

301 2642 396 2691 306
