1919 3006
931 181 1183 230 CICERO

310 314 592 376 geometria
617 311 859 374 quiddam
883 315 997 358 novi
1022 315 1298 359 invenisset
1323 312 1484 359 Musis
1508 312 1691 360 bovem
1714 315 1799 359 im-

312 387 525 435 molasse
553 387 736 433 dicitur
759 401 771 441 ;
816 386 906 433 sed
932 386 984 433 id
1011 387 1217 449 quidem
1245 404 1345 433 non
1371 388 1538 444 credo,
1566 391 1804 450 quoniam

310 465 393 512 ille
439 480 504 510 ne
551 461 772 524 Apollini
822 461 1029 524 quidem
1081 461 1229 508 Delio
1275 460 1494 509 hostiam
1543 461 1803 509 immolare

310 540 468 588 voluit
488 555 552 584 ne
576 553 712 583 aram
735 539 980 600 sanguine
1003 543 1313 600 aspergeret.
1382 537 1464 584 Ad
1492 553 1601 584 rem
1630 544 1804 584 autem

311 624 369 663 ut
394 615 617 669 redeam,
636 613 876 659 iudicium
900 610 994 658 hoc
1019 615 1243 658 omnium
1266 612 1556 659 mortalium
1585 620 1681 669 est,
1708 611 1807 660 for-

311 698 490 738 tunam
529 706 557 735 a
594 689 690 735 deo
719 687 1015 750 petendam,
1042 703 1072 732 a
1109 703 1163 734 se
1204 690 1312 749 ipso
1354 688 1654 735 sumendam
1696 704 1806 735 esse

311 768 629 827 sapientiam.
700 762 941 821 Quamvis
967 761 1086 808 licet
1114 761 1280 809 Menti
1308 762 1519 810 delubra
1544 771 1597 810 et
1615 762 1805 810 Virtuti

315 849 368 888 et
418 840 580 887 Fidei1
615 854 982 893 consecremus,
1018 844 1194 884 tamen
1235 836 1361 884 haec
1407 841 1460 884 in
1507 839 1651 885 nobis
1685 842 1805 901 ipsis

315 921 413 964 sita
437 916 701 969 videmus,
743 916 850 975 spei
889 912 1063 959 salutis
1102 915 1208 975 opis
1247 916 1486 960 victoriae
1522 912 1737 961 facultas
1774 930 1806 961 a

315 994 388 1040 dis
417 990 707 1053 expetenda
734 996 826 1036 est.
901 988 1235 1050 Inproborum
1259 992 1415 1052 igitur
1439 993 1804 1052 prosperitates

312 1069 668 1130 secundaeque
708 1081 787 1112 res
822 1064 1153 1128 redarguunt,
1190 1071 1249 1111 ut
1285 1064 1543 1128 Diogenes
1584 1065 1806 1121 dicebat,

233 1156 287 1198 89
310 1149 410 1192 vim
438 1158 641 1191 omnem
677 1141 887 1188 deorum
924 1156 981 1186 ac
1008 1147 1337 1202 potestatem.
1406 1139 1670 1187 XXXVII.
1707 1139 1806 1188 ‘At

313 1237 413 1268 non
467 1233 745 1280 numquam
799 1216 956 1262 bonos
1015 1218 1179 1261 exitus
1235 1214 1429 1262 habent
1481 1213 1636 1262 boni.'
1703 1215 1804 1263 Eos

312 1295 518 1359 quidem
557 1295 819 1354 arripimus
860 1291 1285 1354 attribuimusque
1323 1293 1431 1338 sine
1469 1289 1571 1338 ulla
1607 1293 1804 1338 ratione

311 1372 386 1418 dis
428 1367 792 1416 inmortalibus.
862 1366 935 1413 At
976 1366 1224 1430 Diagoras
1266 1382 1382 1413 cum
1422 1364 1804 1413 Samothracam

312 1449 549 1500 venisset,
599 1441 734 1491 ἄθεος
780 1441 863 1489 ille
912 1445 997 1505 qui
1044 1443 1243 1498 dicitur,
1293 1449 1449 1505 atque
1498 1445 1544 1489 ei
1596 1442 1803 1505 quidam

312 1525 499 1568 amicus
551 1518 674 1575 ‘Tu,
726 1521 813 1581 qui
863 1517 984 1565 deos
1035 1525 1186 1580 putas
1236 1516 1460 1564 humana
1509 1517 1803 1581 neglegere,

310 1611 477 1644 nonne
505 1592 864 1640 animadvertis
893 1607 956 1638 ex
982 1598 1064 1638 tot
1089 1590 1274 1638 tabulis
1301 1593 1448 1654 pictis
1477 1607 1630 1653 quam
1654 1589 1802 1637 multi

310 1675 437 1719 votis
470 1673 571 1716 vim
601 1671 925 1731 tempestatis
960 1666 1230 1731 effugerint
1260 1670 1311 1713 in
1343 1674 1650 1730 portumque
1679 1665 1802 1713 salvi

307 1748 633 1811 pervenerint
655 1744 674 1790 ?
699 1742 709 1758 ’
778 1742 788 1759 ‘
814 1743 896 1789 Ita
925 1742 982 1789 fit
1006 1741 1016 1757 ’
1044 1745 1227 1805 inquit,
1257 1741 1267 1758 ‘
1291 1741 1359 1788 illi
1389 1744 1525 1788 em‘m
1552 1758 1802 1805 nusquam

309 1823 430 1883 picti
456 1826 575 1866 sunt
608 1820 693 1881 qui
729 1816 993 1880 naufragia
1027 1815 1261 1863 fecerunt
1292 1819 1345 1863 in
1372 1819 1602 1880 marique
1637 1819 1801 1879 perie-

308 1894 461 1943 runt.'
531 1894 796 1956 Idemque,
830 1909 944 1939 cum
971 1895 1017 1939 ei
1046 1895 1305 1955 naviganti
1332 1899 1560 1939 vectores
1590 1892 1801 1939 adversa

308 1977 621 2033 tempestate
654 1968 818 2015 timidi
853 1975 906 2014 et
938 1970 1195 2029 perterriti
1228 1968 1457 2014 dicerent
1487 1983 1590 2014 non
1620 1970 1800 2014 iniuria

308 2047 401 2093 sibi
421 2044 543 2091 illud
564 2043 790 2090 accidere
812 2046 897 2105 qui
917 2042 1057 2088 illum
1075 2045 1128 2088 in
1149 2042 1365 2089 eandem
1384 2058 1567 2089 navem
1584 2046 1801 2105 recepis-

308 2127 440 2175 sent,
471 2118 695 2165 ostendit
726 2120 796 2163 eis
826 2120 878 2163 in
909 2117 1089 2164 eodem
1119 2131 1267 2163 cursu
1295 2115 1480 2163 multas
1512 2115 1632 2163 alias
1662 2116 1800 2163 labo-

307 2197 463 2242 rantis
500 2196 852 2257 quaesivitque
893 2209 1016 2239 num
1059 2195 1214 2238 etiam
1252 2194 1304 2237 in
1338 2194 1396 2238 iis
1431 2192 1642 2238 navibus
1678 2191 1800 2238 Dia-

305 2286 482 2334 goram
509 2267 623 2315 vehi
652 2268 934 2314 crederent.
1004 2265 1084 2312 Sic
1112 2269 1247 2313 enim
1273 2282 1353 2312 res
1380 2281 1434 2312 se
1463 2264 1621 2313 habet
1648 2273 1707 2313 ut
1733 2266 1799 2313 ad

465 2377 482 2402 ²
514 2376 636 2417 Fidei
656 2375 752 2416 secl.
776 2379 841 2419 <et
861 2373 988 2427 Spei>
1009 2374 1111 2427 (del.
1135 2373 1260 2426 infra
1280 2373 1391 2426 spei)
1413 2373 1586 2415 Pearce.

366 2510 385 2528 ‘²
417 2503 443 2520 “
464 2503 594 2554 Hope
614 2501 640 2518 ”
655 2500 812 2542 should
828 2499 1047 2553 probably
1061 2499 1116 2540 be
1129 2498 1395 2540 transferred
1409 2501 1456 2540 to
1469 2498 1545 2540 the
1557 2499 1796 2554 preceding

311 2556 395 2605 list,
417 2558 532 2598 after
553 2557 577 2573 ‘⁶
601 2555 774 2603 Faith,”
797 2555 852 2606 cf.
876 2559 896 2603 ἓ
916 2558 984 2596 61.

313 2626 409 2670 374
