1919 3006
926 159 1177 209 CICERO

774 331 852 379 Ex
889 330 1065 378 mes
1102 347 1330 379 INCERTIS

376 444 420 487 5.
456 439 581 487 Serv.
617 439 681 486 ad
719 439 855 504 Verg.
893 439 1008 487 Aen.
1047 439 1114 486 iii.
1155 445 1248 487 284
1290 440 1474 488 Tullius
1509 439 1558 488 in
1595 438 1710 489 libro
1745 441 1803 488 de

312 514 481 555 natura
533 507 719 554 deorum
771 511 870 555 tria
921 508 1059 554 milia
1111 524 1355 555 annorum
1402 507 1520 555 dixit
1563 525 1805 573 magnum

314 591 501 621 annum
525 582 718 622 tenere.

378 648 421 690 6.
458 642 584 689 Serv.
629 642 692 688 ad
745 642 881 706 Verg.
927 641 1041 689 Aen.
1087 640 1153 688 iii.
1199 648 1292 690 600
1339 640 1561 705 spirabile
1598 679 1608 689 .
1647 679 1658 689 .
1696 679 1706 689 .
1742 647 1810 689 est

316 726 462 756 sermo
511 709 758 765 Ciceroni-5,
803 727 1069 774 quanquam
1112 710 1190 757 ille
1232 709 1510 773 spirit-abile
1553 709 1721 756 dixerit
1761 708 1810 756 in

318 775 446 824 libris
468 777 524 823 de
547 777 730 824 deorum
756 784 938 823 natura.

380 852 424 891 7.
461 844 586 890 Serv.
626 844 688 890 ad
729 844 865 908 Verg.
893 844 1007 891 Aen.
1046 842 1105 890 vi.
1142 848 1234 898 894
1265 843 1358 890 Per
1382 850 1567 907 portam
1599 859 1811 890 corneam

317 910 437 957 oculi
467 911 804 976 signficantur,
835 910 916 976 qui
949 918 992 957 et
1027 910 1178 957 cornei
1214 917 1319 958 sunt
1347 917 1389 957 et
1418 910 1625 957 duriores
1654 909 1813 957 ceteris

315 977 543 1035 membris,
585 997 692 1025 nam
726 976 898 1043 frigus
937 995 1028 1026 non
1070 979 1267 1026 sentiunt
1312 977 1429 1026 sicut
1467 977 1604 1025 etiam
1655 977 1812 1026 Cicero

316 1045 436 1092 dixit
457 1046 505 1093 in
530 1044 659 1094 libris
681 1046 737 1092 de
758 1053 927 1093 natura
949 1046 1150 1093 deorum.

317 1141 401 1149 ᾗ.

379 1187 398 1207 ‘⁸
430 1181 513 1224 See
541 1184 584 1224 ii.
615 1186 665 1223 51
698 1184 746 1231 f.‚
776 1182 934 1229 where,
964 1182 1179 1231 however,
1208 1182 1284 1224 the
1312 1181 1465 1235 length
1494 1182 1547 1222 of
1570 1182 1644 1223 the
1673 1181 1810 1224 Great

322 1235 441 1277 Year
462 1238 497 1278 is
519 1237 662 1278 stated
683 1241 728 1278 to
749 1237 806 1278 be
826 1239 1069 1279 uncertain.
1123 1237 1177 1278 In
1193 1237 1470 1285 Hortensius,
1493 1237 1548 1277 fr.
1564 1239 1636 1285 26,
1659 1236 1812 1278 Cicero

320 1304 434 1343 gave
452 1292 487 1332 it
506 1304 555 1332 as
579 1294 715 1332 12954
735 1304 877 1343 years.

381 1344 398 1369 ¹²
429 1344 529 1387 One
566 1359 638 1387 ms.
672 1347 722 1386 of
756 1345 933 1387 Servius
970 1344 1052 1387 has
1088 1344 1306 1398 spiritale,
1339 1343 1482 1386 which
1521 1345 1558 1386 is
1594 1343 1815 1398 probably

323 2589 419 2636 386
