1919 3006
248 1109 299 1149 51

951 166 1201 214 CICERO

332 296 619 342 civitatibus
650 295 878 360 intellegi
911 303 1083 359 potest
1114 298 1378 361 augendae
1409 301 1607 346 virtutis
1639 302 1822 363 gratia,

332 368 452 425 quol
494 363 732 410 libentius
771 368 843 410 rei
881 364 1113 426 publicae
1152 382 1303 412 causa
1339 365 1619 428 periculum
1658 367 1822 415 adiret

331 433 550 491 optimus
579 434 809 493 quisque,
836 434 1053 478 virorum
1079 431 1285 478 fortium
1311 437 1607 480 memoriam
1631 433 1820 481 honore

331 497 541 543 deorum
579 498 941 544 immortalium
980 508 1339 546 consecratam.
1411 500 1492 547 Ob
1532 517 1646 547 eam
1686 505 1820 548 em‘m

330 567 490 625 ipsam
524 581 726 611 causam
760 565 1076 613 Erechtheus
1110 566 1327 614 Athenis
1362 567 1596 630 filiaeque
1630 571 1735 616 eius
1767 571 1820 615 in

330 648 540 678 numero
592 633 802 679 deorum
853 641 1007 688 sunt3
1075 637 1304 697 itemque
1357 634 1691 682 Leonaticum
1742 643 1821 683 est

330 698 596 745 delubrum
625 699 858 756 Athenis,
880 702 1013 764 quod
1039 701 1307 762 Λεωκόριον
1331 706 1634 750 nominatur.
1703 702 1821 749 Ala-

329 766 612 813 bandenses
638 768 842 829 quidem
867 772 1086 815 sanctius
1111 768 1434 816 Alabandum
1457 769 1646 826 colunt,
1669 786 1699 816 a
1720 786 1820 833 quo

331 840 409 879 est
457 835 573 880 urbs
621 834 703 880 illa
753 836 973 892 condita,
1022 853 1174 899 quam
1222 853 1531 900 quemquam
1577 836 1821 884 nobilium

330 899 574 956 deorum3
636 902 770 964 apud
813 919 936 965 quos
978 920 1079 950 non
1119 905 1365 950 inurbane
1408 903 1719 951 Stratonicus
1761 911 1820 951 ut

328 967 506 1023 multa,
544 985 658 1014 cum
697 970 903 1032 quidam
942 973 987 1016 ei
1023 970 1266 1018 molestus
1304 971 1629 1019 Alabandum
1665 972 1818 1019 deum

329 1050 438 1080 esse
472 1036 810 1093 confirmaret,
844 1037 1115 1084 Herculem
1150 1046 1381 1101 negaret,
1422 1038 1432 1055 ‘
1452 1039 1588 1102 Ergo
1612 1037 1623 1054 '
1655 1042 1821 1101 inquit

327 1100 336 1116 ‘
361 1101 482 1148 mihi
535 1103 829 1151 Alabandus
885 1105 979 1152 tibi
1035 1105 1278 1153 Hercules
1331 1109 1397 1153 sit
1447 1104 1639 1153 iratus.’
1705 1105 1818 1152 XX.

329 1168 422 1215 Illa
445 1177 636 1226 autem,
659 1171 834 1228 Balbe,
858 1188 989 1235 quae
1012 1179 1071 1219 tu
1095 1190 1123 1219 a
1147 1172 1286 1220 caelo
1310 1176 1558 1236 astrisque
1581 1173 1820 1229 ducebaS,

328 1252 481 1299 quam
513 1237 663 1302 longe
697 1247 904 1302 serpant
940 1257 1040 1286 non
1073 1241 1254 1287 vides?
1322 1240 1489 1287 Solem
1523 1241 1676 1288 deum
1709 1256 1819 1287 esse

327 1302 618 1368 lunamque,
695 1323 909 1369 quorum
985 1307 1202 1354 alterum
1277 1307 1566 1370 Apollinem
1638 1307 1819 1355 Graeci

327 1370 541 1418 alteram
593 1373 813 1420 Dianam
862 1381 1064 1437 putant.
1134 1375 1326 1434 Quodsi
1378 1375 1524 1422 Luna
1573 1374 1672 1422 dea
1721 1381 1818 1431 est,

327 1454 449 1503 ergo
491 1443 647 1487 etiam
690 1440 893 1488 Lucifer
933 1450 1240 1506 ceteraeque
1283 1450 1509 1490 errantes
1551 1458 1819 1489 numerum

325 1506 537 1553 deorum
573 1509 915 1565 obtinebunt3
968 1513 1125 1574 igitur
1161 1513 1317 1557 etiam
1351 1513 1649 1557 inerrantes.
1718 1508 1820 1556 Cur

326 1581 501 1621 autem
546 1576 707 1639 Arqui
753 1580 944 1639 species
991 1595 1092 1624 non
1135 1579 1188 1624 in
1233 1578 1443 1625 deorum
1487 1593 1698 1624 numero
1742 1592 1820 1623 re-

324 1650 544 1704 ponatur
567 1644 585 1689 ?
630 1651 709 1691 est
735 1648 869 1691 enim
894 1644 1118 1707 pulcher,
1145 1652 1199 1692 et
1228 1646 1293 1692 ob
1323 1661 1437 1692 eam
1461 1661 1665 1692 causam
1700 1646 1819 1707 quia

325 1713 546 1770 speciem
599 1709 810 1758 habeat²
863 1711 1211 1759 admirabilem
1263 1711 1584 1759 Thaumante
1637 1711 1820 1759 dicitur

324 1776 494 1826 <Iris>³
529 1794 637 1825 esse
674 1786 811 1827 nata.
881 1779 1033 1827 Cuius
1075 1782 1116 1826 si
1152 1780 1319 1827 divina
1351 1787 1535 1826 natura
1568 1785 1664 1834 est,
1697 1778 1819 1841 quid

325 1842 478 1891 facies
503 1846 720 1893 nubibus
745 1847 762 1893 ?
831 1848 990 1894 Arcus
1018 1851 1153 1894 enim
1177 1850 1285 1910 ipse
1312 1864 1340 1894 e
1365 1848 1582 1894 nubibus
1607 1846 1819 1893 efficitur

326 1912 546 1973 quodam
587 1914 737 1960 modo
779 1913 1045 1971 coloratis3
1106 1931 1320 1978 quarum
1356 1931 1458 1961 una
1495 1917 1652 1961 etiam
1689 1912 1818 1960 Cen-

324 1984 495 2026 tauros
525 1984 782 2043 peperisse
808 1982 1005 2029 dicitur.
1075 1981 1267 2041 Quodsi
1291 1983 1452 2029 nubes
1481 1980 1737 2028 rettuleris
1766 1983 1817 2026 in

324 2045 464 2102 deos,
481 2046 780 2096 referendae
799 2056 938 2096 certe
958 2056 1107 2096 erunt
1124 2056 1479 2113 tempestateS‚
1497 2064 1629 2112 quae
1646 2046 1817 2110 populi

325 2111 538 2160 Romani
600 2117 779 2164 ritibus
842 2124 1166 2164 consecratae
1228 2124 1362 2164 sunt.
1431 2116 1567 2180 Ergo
1628 2115 1815 2162 imbres

324 2181 480 2228 nimbi
519 2183 769 2244 procellae
808 2185 1036 2231 turbines
1075 2185 1157 2231 dei
1199 2184 1429 2247 putandi.
1499 2183 1671 2230 Nostri
1708 2184 1817 2246 qui-

766 2313 783 2337 ²
813 2318 937 2360 <aut>
957 2327 1046 2367 quo
1067 2313 1338 2354 Lactantius.

493 2365 510 2390 ²
538 2365 673 2407 habet
693 2367 795 2408 dett.
1033 2367 1051 2392 ⁸
1082 2367 1184 2408 add.
1206 2367 1431 2408 Antonius
1451 2365 1746 2418 Auyustinus.

385 2496 403 2516 ⁰
430 2490 606 2533 Editors
626 2497 802 2545 suspect
820 2493 907 2534 this
927 2491 1155 2534 unknown
1176 2506 1308 2534 name
1325 2510 1336 2534 ε
1376 2491 1529 2534 Cicero
1547 2504 1632 2532 can
1653 2489 1812 2543 hardly

327 2543 439 2586 have
459 2546 613 2588 coined
637 2549 669 2588 it
688 2552 734 2588 to
755 2546 966 2588 translate
986 2547 1061 2588 the
1081 2546 1243 2589 Greek.

330 2617 425 2658 334
