1919 3006
957 196 1210 246 CICERO

332 341 449 374 cum
492 327 774 375 oratoribus
812 330 1169 391 cognationem
1215 343 1342 383 esse,
1380 328 1467 391 qui
1504 325 1661 374 claros
1704 328 1833 372 viros

334 424 364 454 a
398 424 452 456 se
487 411 759 456 instructos
795 408 968 456 dicant
1001 425 1111 455 rem
1145 408 1400 472 publicam
1435 423 1589 471 saepe
1623 409 1832 462 rexisse,

333 493 618 537 sustinuero
639 490 933 553 Epicureos,
955 497 1035 537 tot
1054 507 1194 537 meos
1215 488 1505 545 familiares,
1526 495 1635 535 tam
1653 488 1831 543 bonos,
1918 501 1919 542 ξ

334 578 442 618 tam
483 574 617 619 inter
658 587 713 619 se
756 577 986 619 amantes
1022 574 1182 618 viros:
1226 570 1450 618 Diodoto
1486 569 1609 633 quid
1648 567 1829 616 faciam
1918 559 1919 575 ³

334 651 520 709 Stoico,
557 669 711 716 quem
753 669 784 699 a
820 668 978 716 puero
1020 653 1205 708 audivi,
1239 655 1325 715 qui
1365 667 1567 698 mecum
1597 653 1721 698 vivit
1751 657 1833 698 tot

336 751 510 791 annos,
550 738 637 798 qui
675 733 877 781 habitat
918 734 1054 797 apud
1091 750 1192 790 me,
1233 749 1387 796 quem
1427 740 1482 780 et
1521 733 1738 780 admiror
1777 738 1833 778 et

335 816 506 881 diligo,
539 819 624 880 qui
659 819 759 864 ista
789 814 1048 863 Antiochi1
1080 814 1404 863 contemnit?
1472 813 1482 830 ‘
1508 813 1727 870 Nostra,'
1758 816 1832 860 in-

335 901 495 961 quies,
534 897 544 914 ‘
569 897 674 945 sola
710 914 831 944 vera
867 895 1019 945 sunt.‘
1088 896 1240 944 Certe
1279 895 1400 952 sola,
1437 898 1479 943 si
1515 911 1651 952 vera,
1687 894 1834 958 plura

335 982 471 1027 enim
512 995 632 1027 vera
673 979 1013 1042 discrepantia
1054 995 1163 1025 esse
1206 995 1307 1026 non
1347 983 1572 1040 possunt.
1643 976 1832 1024 Utrum

333 1063 489 1125 igitur
521 1077 610 1108 nos
647 1061 971 1124 impudentes
1005 1063 1090 1123 qui
1126 1058 1227 1106 labi
1260 1057 1512 1114 11011111118,2
1545 1074 1610 1105 an
1640 1057 1711 1104 illi
1747 1058 1832 1105 ad-

336 1149 576 1206 rogantes
610 1145 695 1205 qui
725 1143 818 1188 sibi
842 1144 1186 1205 persuaserint
1218 1143 1343 1187 scire
1375 1156 1429 1187 se
1462 1138 1590 1187 solos
1623 1139 1833 1187 omnia?

335 1223 347 1241 ⁴
373 1223 487 1271 Non
508 1241 590 1271 me
615 1222 855 1287 quidem‚'
878 1225 1061 1286 inquit,
1084 1222 1094 1238 ‘
1120 1222 1211 1269 sed
1232 1224 1517 1285 sapientem
1539 1221 1651 1268 dico
1673 1219 1835 1268 scire.’

337 1305 546 1369 Optime
571 1306 580 1352 1
620 1321 805 1368 nempe
824 1308 924 1352 ista
943 1307 1067 1351 scire
1088 1320 1219 1367 quae
1240 1310 1358 1350 sunt
1375 1306 1428 1349 in
1446 1310 1538 1349 tua
1556 1301 1831 1365 disciplina.

336 1387 447 1434 Hoc
492 1390 711 1450 primum
757 1385 906 1449 quale
954 1392 1049 1441 est,
1097 1402 1126 1431 a
1170 1402 1272 1431 non
1317 1387 1548 1447 sapiente
1595 1383 1832 1447 explicari

337 1469 682 1532 sapientiam?
750 1466 852 1514 Sed
887 1467 1204 1514 discedamus
1243 1483 1273 1512 a
1307 1467 1561 1513 nobismet
1595 1467 1733 1529 ipsis,
1769 1465 1834 1512 de

336 1553 568 1612 sapiente
597 1548 880 1612 loquamur,
911 1548 976 1596 de
1007 1564 1107 1612 quo
1137 1554 1196 1594 ut
1225 1563 1378 1610 saepe
1408 1550 1510 1593 iam
1539 1547 1644 1595 dixi
1674 1549 1834 1594 omnis

336 1630 461 1678 haec
487 1634 718 1694 quaestio
743 1636 836 1677 est.

232 1721 312 1763 116
400 1710 429 1729 “
455 1712 516 1758 In
539 1719 643 1759 tres
667 1714 822 1775 igitur
846 1718 1018 1774 partes
1044 1717 1098 1758 et
1122 1727 1152 1756 a
1174 1709 1427 1773 plerisque
1454 1716 1507 1757 et
1532 1726 1562 1756 a
1585 1711 1835 1758 vobismet

337 1796 457 1857 ipsis
474 1793 747 1841 distributa
764 1794 1015 1856 sapientia
1033 1799 1124 1839 est.
1196 1791 1420 1838 Primum
1437 1808 1574 1855 ergo,
1593 1794 1629 1838 si
1648 1790 1834 1854 placet,

338 1890 469 1938 quae
500 1874 564 1921 de
593 1880 777 1920 natura
805 1890 974 1920 rerum
1003 1876 1104 1920 sint
1133 1875 1366 1936 quaesita
1397 1872 1672 1919 videamus.
1741 1873 1832 1920 At³

337 1955 463 2003 illud
493 1962 645 2002 ante:
694 1962 839 2001 estne
871 1957 1137 2018 quisquam
1167 1961 1314 2000 tanto
1343 1952 1547 2000 inflatus
1578 1969 1744 2000 errore
1774 1959 1833 2000 ut

337 2037 431 2084 sibi
465 2052 518 2083 se
551 2035 637 2082 illa
669 2038 793 2082 scire
827 2035 1174 2098 persuaserit?
1243 2034 1357 2080 Non
1390 2050 1578 2097 quaero
1610 2037 1830 2082 rationes

339 2133 425 2164 eas
445 2133 576 2180 quae
597 2133 661 2164 ex
681 2119 971 2163 coniectura
988 2116 1234 2179 pendent,
1256 2131 1386 2178 quae
1406 2115 1831 2177 disputationibus

339 2197 437 2245 huc
466 2205 520 2245 et
547 2197 662 2244 illuc
690 2196 979 2252 trahuntur,
1003 2195 1192 2242 nullam
1222 2194 1467 2243 adhibent
1493 2196 1831 2259 persuadendi

339 2282 730 2334 necessitatem;
792 2284 1088 2341 geometrae
1132 2276 1449 2339 provideant,
1493 2278 1580 2339 qui
1622 2291 1677 2323 se
1719 2291 1829 2338 pro·-

548 2407 565 2433 ²
594 2406 804 2447 Antiochi
822 2408 842 2446 ,9
856 2405 972 2446 Reid
992 2405 1068 2458 (cs.
1090 2404 1164 2455 98)
1182 2421 1193 2445 ε
1225 2403 1464 2444 Antiochia
1482 2405 1606 2446 codd.

765 2461 780 2484 ²
811 2459 1018 2500 nolumus
1036 2459 1159 2500 codd.
1178 2458 1394 2510 plerique.

804 2514 821 2539 ³
851 2517 898 2554 at
921 2513 1059 2554 Reid=
1091 2512 1211 2553 velut
1230 2513 1354 2553 codd.

342 2618 440 2670 614
