1919 3006
937 182 1189 231 CICERO

314 314 487 363 dinem
509 313 624 361 solis
648 313 914 376 adprobat,
935 314 977 359 is
1001 327 1087 359 eas
1107 327 1188 358 res
1210 327 1312 357 non
1331 311 1549 373 percipit
1570 324 1583 366 3
1621 310 1814 373 magni-

315 390 440 437 tudo
477 395 651 436 autem
686 387 801 434 solis
835 389 1026 450 percipi
1059 403 1161 433 non
1194 391 1403 449 potest3
1456 387 1542 448 qui
1575 386 1731 448 igitur
1763 383 1815 431 id

315 465 566 528 adprobat
628 466 771 526 quasi
832 465 1098 525 percipiat,
1161 460 1351 507 nullam
1411 476 1520 507 rem
1581 461 1813 522 percipit.

313 539 690 602 Responderint
717 553 865 600 posse
893 539 1084 600 percipi
1114 542 1335 599 quantus
1364 533 1436 581 sol
1465 536 1531 581 sit
1554 549 1565 580 :
1611 550 1713 580 non
1738 548 1816 580 re-

314 615 553 679 pugnabo
603 614 725 660 dum
773 613 924 660 modo
975 612 1156 659 eodem
1204 617 1356 674 pacto
1404 616 1579 657 cetera
1624 611 1816 672 percipi

314 688 779 752 comprehendique
819 688 1027 743 dicant3
1085 703 1180 733 nec
1221 688 1357 733 enim
1395 690 1608 748 possunt
1647 684 1816 731 dicere

315 765 451 812 aliud
503 763 599 811 alio
650 766 812 827 magis
863 765 1094 809 minusve
1145 760 1525 824 comprehendi,
1576 762 1815 823 quoniam

314 843 539 888 omnium
563 855 734 885 rerum
759 854 862 884 una
887 845 966 884 est
992 837 1220 885 definitio
1246 834 1725 899 comprehendendi.

211 926 291 966 129
379 914 546 961 XLII.
585 912 739 960 “Sed
779 912 915 975 quod
955 927 1258 974 coeperam:
1317 910 1439 974 quid
1477 908 1724 956 habemus
1763 911 1816 955 in

312 990 463 1037 rebus
497 989 642 1035 bonis
678 994 732 1034 et
765 986 910 1033 malis
946 985 1237 1048 explorati?
1306 984 1505 1047 Nempe
1540 984 1666 1030 fines
1700 999 1815 1030 con·
1883 1018 1886 1019 γ

313 1062 561 1112 stituendi
579 1069 698 1109 sunt
718 1061 782 1108 ad
801 1078 925 1124 quos
945 1068 999 1108 et
1015 1061 1263 1107 bonorum
1283 1066 1337 1106 et
1353 1058 1600 1105 malorum
1619 1074 1816 1105 summa

311 1137 598 1192 referatur3
651 1153 752 1200 qua
785 1136 848 1183 de
880 1152 935 1182 re
970 1142 1048 1182 est
1079 1138 1235 1198 igitur
1266 1137 1400 1180 inter
1432 1149 1653 1180 summos
1685 1135 1815 1180 viros

312 1215 472 1260 maior
494 1211 737 1259 dissensio
761 1211 779 1256 ?
837 1210 1036 1257 Omitto
1058 1208 1143 1255 illa
1167 1224 1298 1272 quae
1320 1207 1498 1255 relicta
1518 1210 1621 1254 iam
1643 1207 1815 1254 viden-

312 1294 521 1336 tur—ut
535 1286 765 1342 Erillum,
783 1289 868 1349 qui
884 1288 936 1331 in
953 1287 1241 1348 cognitione
1264 1291 1318 1331 et
1333 1286 1546 1330 scientia
1560 1299 1813 1330 summum

311 1364 503 1410 bonum
531 1364 676 1425 ponit
699 1376 710 1417 3
759 1364 845 1424 qui
874 1377 989 1406 cum
1018 1359 1232 1406 Zenonis
1263 1358 1463 1405 auditor
1492 1364 1645 1414 esset,
1673 1357 1812 1404 vides

313 1444 564 1501 quantum
599 1436 662 1482 ab
698 1451 758 1482 eo
794 1435 1088 1482 dissenserit
1123 1441 1177 1480 et
1211 1450 1364 1496 quam
1398 1449 1500 1479 non
1531 1431 1750 1479 multum
1785 1447 1816 1478 a

314 1513 542 1560 Platone.
609 1511 986 1574 Megaricorum
1014 1508 1113 1556 fuit
1141 1508 1320 1555 nobilis
1350 1507 1627 1571 disciplina,
1656 1510 1814 1564 cuius,

314 1594 374 1635 ut
399 1589 642 1649 scriptum
668 1586 832 1640 video,
858 1587 1091 1648 princeps
1116 1582 1459 1645 Xenophanes
1485 1598 1639 1646 quem
1662 1581 1815 1629 modo

314 1664 605 1716 nominavi3
659 1660 844 1707 deinde
880 1676 997 1706 eum
1033 1661 1194 1705 secuti
1229 1657 1555 1704 Parmenides
1591 1663 1646 1704 et
1678 1656 1815 1704 Zeno

316 1738 511 1801 (itaque
533 1736 596 1782 ab
616 1734 692 1781 his
712 1733 928 1781 Eleatici
949 1731 1233 1796 philosophi
1253 1731 1683 1795 nominabantur),
1698 1738 1815 1794 post

313 1811 567 1867 EuclideS,
597 1809 815 1857 Socratis
845 1808 1133 1872 discipulus,
1166 1808 1441 1872 Megareus
1470 1807 1522 1871 (a
1549 1824 1649 1871 quo
1677 1807 1815 1854 idem

313 1886 383 1933 illi
417 1886 665 1949 Megarici
697 1884 875 1947 dicti);
926 1886 1012 1947 qui
1043 1883 1096 1930 id
1125 1883 1316 1929 bonum
1347 1881 1508 1929 solum
1540 1897 1650 1928 esse
1682 1881 1815 1928 dice-

314 1962 441 2009 bant
465 1959 602 2024 quod
627 1966 762 2006 esset
786 1975 944 2005 unum
969 1965 1023 2005 et
1047 1956 1207 2004 simile
1233 1964 1288 2004 et
1310 1956 1447 2004 idem
1471 1973 1686 2019 semper.
1745 1955 1814 2003 Hi

316 2051 518 2100 quoque
540 2033 703 2081 multa
724 2050 754 2080 a
775 2032 1003 2080 Platone.
1060 2033 1107 2079 A
1131 2031 1442 2079 Menedemo
1465 2038 1656 2087 autem,
1677 2029 1815 2094 quod

314 2114 355 2158 is
384 2110 633 2158 Eretriusl
665 2107 779 2165 fuit,
810 2108 1058 2155 Eretriaci
1092 2106 1369 2170 appellati3
1418 2122 1632 2169 quorum
1662 2121 1813 2152 omne

313 2186 504 2233 bonum
531 2187 585 2231 in
613 2190 789 2231 mente
818 2186 1041 2246 positum
1071 2189 1126 2230 et
1153 2184 1340 2229 mentis
1371 2184 1477 2228 acie
1507 2196 1609 2244 qua
1637 2196 1812 2227 verum

472 2292 489 2318 ²
517 2292 757 2333 Lambinus
777 2309 786 2332 ε
820 2291 1029 2338 Eretrias,
1051 2290 1239 2337 Eretria,
1260 2303 1313 2330 ex
1335 2289 1507 2330 Eretria
1525 2289 1650 2330 codd.

375 2385 393 2403 ⁰
425 2380 507 2427 zze„
530 2392 748 2418 summum
774 2377 931 2417 bonum
956 2381 995 2417 et
1021 2390 1238 2416 summum
1268 2375 1449 2422 malum,
1480 2374 1579 2414 ‘the
1605 2386 1810 2426 supreme

317 2432 435 2486 good
459 2432 548 2472 and
571 2432 646 2472 the
669 2444 873 2483 supreme
892 2429 1006 2470 evil.’
1066 2429 1195 2470 Finis
1220 2428 1300 2469 has
1320 2442 1446 2470 come
1465 2431 1512 2469 to
1531 2427 1587 2468 be
1606 2427 1767 2468 almost
1781 2440 1810 2469 a

318 2500 543 2540 synonym
575 2486 646 2526 for
675 2498 907 2532 summum,
946 2484 956 2501 ‘
973 2483 1148 2538 highest
1186 2485 1232 2524 in
1264 2483 1340 2524 the
1372 2481 1520 2530 scale‚’
1555 2481 1700 2535 losing·
1732 2480 1807 2522 the

319 2553 445 2583 sense
465 2541 516 2582 of
532 2541 540 2557 ‘
558 2540 704 2593 object
723 2537 871 2580 aimed
891 2538 968 2579 at.’

313 2604 413 2654 634
