1853 3001
182 898 206 940 1

651 757 858 805 LIBER
892 758 1261 807 SECUNDUS

295 888 335 936 I.
372 887 517 946 Quae
558 905 673 935 cum
715 888 869 936 Cotta
911 889 1139 946 dixisset,
1177 896 1287 936 tum
1330 888 1550 937 Velleius
1591 888 1621 906 ‘⁴
1645 888 1724 937 Ne

234 987 329 1035 ego
349 970 377 986 ''
402 974 569 1034 inquit
590 970 616 986 ‘⁴
636 974 868 1017 incautus
894 974 979 1034 qui
1003 987 1116 1017 cum
1137 971 1443 1019 Academico
1465 979 1518 1019 et
1543 971 1724 1019 eodem

232 1051 436 1099 rhetore
483 1053 724 1116 congredi
771 1059 981 1099 conatus
1029 1055 1137 1100 sim.
1207 1052 1339 1099 Nam
1385 1069 1552 1117 neque
1597 1053 1726 1100 indi-

231 1141 424 1182 sertum
476 1135 838 1181 Academicum
889 1137 1264 1196 pertimuissem
1315 1150 1409 1182 nec
1461 1138 1567 1182 sine
1625 1137 1728 1181 ista

233 1214 547 1279 philosophia
581 1214 838 1262 rhetorem
875 1219 1101 1278 quamvis
1139 1215 1499 1279 eloquentem;
1556 1230 1725 1279 neque

236 1300 370 1343 enim
425 1296 631 1343 flumine
686 1298 958 1343 conturbor
1010 1299 1236 1343 inanium
1290 1298 1574 1353 verborum,
1631 1312 1727 1343 nec

233 1377 516 1425 subtilitate
569 1381 938 1424 sententiarum
990 1380 1031 1425 si
1083 1381 1320 1426 orationis
1379 1385 1458 1426 est
1510 1380 1727 1426 siccitas.

232 1459 309 1506 Tu
351 1466 524 1506 autem
566 1459 720 1506 Cotta
759 1467 976 1523 utraque
1016 1475 1071 1506 re
1112 1459 1346 1516 valuisti3
1404 1476 1589 1507 corona
1634 1459 1727 1506 tibi

237 1548 291 1588 et
343 1542 532 1588 iudices
587 1540 875 1588 defuerunt.
945 1540 1046 1588 Sed
1098 1541 1164 1588 ad
1214 1544 1313 1588 ista
1365 1541 1520 1589 alias:
1594 1556 1729 1588 nune

237 1622 504 1678 Lucilium,
532 1625 571 1669 si
597 1625 692 1685 ipsi
719 1623 1039 1670 commodum
1067 1629 1163 1679 est,
1190 1622 1505 1670 audiamus.''

187 1710 215 1751 2
302 1704 431 1750 Tum
468 1703 689 1751 Balbus:
745 1703 1033 1751 “Eundem
1072 1704 1309 1767 equidem
1345 1704 1516 1751 malim
1554 1704 1728 1752 audire

239 1784 464 1841 Cottam,
511 1785 632 1832 dum
679 1801 780 1849 qua
826 1785 1118 1848 eloquentia
1162 1783 1312 1833 falsos
1358 1786 1479 1833 deos
1525 1785 1728 1833 sustulit

240 1867 420 1913 eadem
463 1883 606 1914 veros
647 1867 871 1914 inducat.
941 1867 1035 1913 Est
1078 1869 1213 1913 enim
1256 1874 1310 1914 et
1350 1865 1631 1930 philosophi
1675 1873 1729 1914 et

237 1948 488 2011 pontificis
515 1955 569 1995 et
601 1947 784 1995 Cottae
810 1949 874 1995 de
911 1948 986 1995 dis
1021 1947 1369 1995 inmortalibus
1405 1947 1594 1995 habere
1629 1965 1728 1995 non

238 2036 493 2076 errantem
547 2035 601 2076 et
648 2046 829 2093 vagam
876 2036 935 2076 ut
981 2030 1273 2076 Academici
1322 2030 1412 2077 sed
1462 2036 1520 2076 ut
1572 2031 1729 2076 nostri

237 2110 473 2157 stabilem
509 2117 804 2173 certamque
841 2114 1165 2158 sententiam.
1234 2109 1366 2157 Nam
1401 2117 1576 2157 contra
1611 2110 1729 2173 Epi-

237 2208 412 2238 curum
446 2194 567 2238 satis
604 2207 856 2254 superque
893 2192 1085 2238 dictum
1113 2198 1206 2239 est.
1275 2190 1376 2239 Sed
1403 2208 1527 2238 aveo
1554 2192 1728 2238 audire

237 2279 293 2320 tu
320 2275 427 2335 ipse
455 2272 607 2319 Cotta
632 2273 753 2335 quid
778 2271 1019 2319 sentias.''

302 2352 484 2399 “An’'
531 2357 697 2416 inquit
746 2353 982 2400 “oblitus
1032 2370 1084 2400 es
1133 2353 1255 2416 quid
1301 2355 1446 2400 initio
1494 2353 1727 2410 dixerim,

237 2433 430 2481 facilius
467 2450 568 2491 me,
605 2434 790 2481 talibus
826 2437 1126 2497 praesertim
1163 2434 1227 2481 de
1264 2435 1431 2490 rebus,
1469 2434 1591 2498 quid
1626 2450 1728 2482 non

586 2578 607 2598 ⁰
635 2573 729 2614 The
749 2572 992 2614 Academic
1011 2571 1127 2626 logie
1146 2585 1236 2613 was
1257 2571 1447 2615 famous.

242 2647 334 2688 122
