1919 3006
482 725 754 783 CICERO,
792 726 889 774 AD
924 726 1370 785 FAMILIARES,
1407 728 1498 776 IX.
1525 744 1638 778 VIn.

820 835 1012 883 CICERO
1048 836 1284 883 VARRONI

251 955 270 995 1
298 945 420 993 ETSI
489 961 670 992 munus
730 944 980 1008 flagitare,
1039 948 1266 1008 quamvis
1333 949 1444 1010 quis
1509 947 1808 1004 ostenderit,

307 1043 371 1074 ne
403 1027 616 1090 populus
651 1027 855 1090 quidem
889 1026 1019 1073 solet
1051 1030 1144 1073 nisi
1177 1031 1476 1085 concitatus,
1503 1035 1680 1075 tamen
1713 1045 1808 1093 ego

308 1112 690 1171 exspectatione
722 1111 951 1171 promissi
979 1112 1057 1156 tui
1084 1125 1290 1156 moveor
1317 1116 1376 1157 ut
1405 1110 1706 1157 admoneam
1734 1117 1807 1168 te,

307 1207 408 1237 non
429 1197 486 1237 ut
506 1189 749 1254 flagitem.
821 1189 941 1236 Misi
963 1197 1136 1237 autem
1159 1191 1222 1237 ad
1242 1197 1297 1237 te
1318 1198 1562 1254 quattuor
1582 1192 1807 1239 admoni-

309 1280 445 1319 tores
479 1289 579 1318 non
608 1275 755 1318 nimis
785 1272 1292 1318 verecundos—nosti
1326 1276 1460 1319 enim
1492 1271 1722 1336 profecto
1751 1289 1805 1320 os

307 1353 453 1400 huius
476 1353 887 1400 adulescentioris
908 1353 1350 1400 Academiae—ex
1371 1370 1432 1401 ea
1456 1357 1612 1418 igitur
1635 1355 1806 1402 media

308 1438 556 1482 excitatos
588 1438 717 1490 misi,
751 1438 837 1498 qui
867 1442 1043 1481 metuo
1075 1451 1140 1481 ne
1172 1442 1227 1482 te
1258 1434 1392 1482 forte
1423 1435 1676 1499 flagitent,
1709 1452 1805 1500 ego

308 1524 482 1563 autem
511 1516 749 1563 mandavi
779 1523 838 1563 ut
868 1522 1123 1580 rogarent.
1192 1516 1570 1579 Exspectabam
1601 1521 1804 1564 omnino

304 1601 404 1645 iam
433 1598 535 1654 diu,
562 1613 749 1661 meque
777 1598 1091 1644 sustinebam
1118 1613 1183 1644 ne
1212 1598 1276 1644 ad
1302 1604 1356 1645 te
1383 1601 1519 1661 prius
1546 1601 1654 1661 ipse
1682 1599 1804 1662 quid

305 1680 576 1726 scriberem
618 1696 771 1742 quam
814 1679 1003 1742 aliquid
1044 1682 1367 1742 accepissem,
1408 1686 1467 1726 ut
1507 1696 1708 1742 possem
1747 1687 1803 1728 te

305 1764 616 1808 remunerari
659 1777 811 1823 quam
849 1760 1098 1807 simillimo
1134 1777 1361 1807 munere.
1446 1760 1548 1808 Sed
1588 1778 1703 1808 cum
1743 1768 1803 1809 tu

305 1843 497 1889 tardius
531 1841 741 1898 faceres,
780 1842 832 1888 id
866 1849 944 1888 est
982 1842 1061 1905 (ut
1099 1858 1193 1906 ego
1226 1842 1553 1907 interpretor)
1591 1843 1802 1907 diligen-

303 1928 421 1980 tius,
447 1927 611 1970 teneri
640 1940 741 1969 non
769 1927 913 1986 potui
944 1927 1065 1986 quin
1090 1927 1496 1971 coniunctionem
1519 1924 1801 1971 studiorum

303 2008 587 2068 amorisque
608 2009 765 2051 nostri
785 2021 884 2068 quo
903 2021 1104 2068 possem
1122 2005 1408 2052 litterarum
1427 2021 1617 2069 genere
1636 2006 1800 2053 decla-

303 2103 483 2134 rarem.
553 2086 671 2133 Feci
700 2090 855 2150 igitur
884 2103 1169 2133 sermonem
1197 2089 1332 2133 inter
1365 2103 1454 2133 nos
1486 2085 1720 2134 habitum
1747 2091 1800 2134 in

353 2211 372 2230 ‘-
404 2205 573 2246 sslunus
593 2205 775 2246 denotes
795 2205 1007 2259 specially
1027 2219 1054 2246 a
1073 2203 1356 2258 gladiatorial
1375 2205 1511 2247 show.

362 2260 377 2284 δ
410 2261 550 2300 Varro
580 2260 669 2300 had
700 2260 923 2311 promised
953 2264 999 2300 to
1030 2260 1231 2300 dedicate
1260 2264 1306 2300 to
1340 2259 1493 2301 Cicero
1522 2259 1591 2302 his
1621 2262 1797 2302 treatise

302 2314 367 2355 De
388 2314 565 2365 Llnyua
586 2313 764 2361 Latina,
786 2318 834 2354 at
855 2314 997 2354 which
1020 2314 1075 2354 he
1097 2326 1187 2354 was
1209 2327 1309 2354 now
1329 2313 1549 2367 working.

365 2374 378 2392 ⁶
406 2368 499 2408 The
516 2368 616 2408 four
632 2367 830 2408 volumes
849 2367 898 2407 of
914 2368 1192 2414 Academica,
1211 2367 1373 2408 second
1391 2367 1570 2416 edition,
1590 2367 1640 2408 of
1653 2368 1796 2410 which

304 2421 377 2462 the
395 2422 489 2461 first
506 2420 682 2462 volume
699 2421 837 2461 forms
859 2421 987 2461 Book
1011 2422 1043 2461 I.
1065 2421 1114 2461 of
1129 2422 1202 2461 the
1222 2425 1373 2462 extant
1390 2425 1495 2462 text.

355 2475 373 2499 α
401 2475 507 2515 This
525 2476 641 2515 hints
657 2478 703 2515 at
718 2474 792 2515 the
814 2475 823 2491 ‘
840 2474 1324 2528 young-mannishness
1339 2475 1349 2491 '
1371 2475 1460 2516 and
1479 2474 1794 2517 sels—assertion

297 2530 347 2570 of
362 2529 436 2570 the
459 2530 569 2570 New
590 2528 835 2582 Academy.

301 2593 397 2640 406
