1919 3006
918 149 1170 197 CICERO

298 288 481 328 natura
496 283 674 344 genuit
692 297 864 326 earum
880 280 1281 327 moderationem
1303 296 1392 327 nos
1414 279 1504 327 soli
1524 278 1785 337 habemus,

300 362 450 404 maris
494 365 649 421 atque
691 365 975 413 ventorum,
1015 365 1224 420 propter
1263 361 1579 404 nauticarum
1618 374 1786 405 rerum

297 438 577 490 scientiam,
598 434 926 498 plurimisque
946 438 1209 481 maritimis
1230 436 1380 482 rebus
1400 434 1611 482 fruimur
1632 442 1786 498 atque

298 515 500 559 utimur.
569 511 905 558 Terrenorum
922 515 1047 558 item
1067 513 1443 559 commodorum
1461 515 1621 559 omnis
1640 515 1787 559 estin

296 586 499 635 homine
535 589 857 636 dominatus:
909 606 998 636 nos
1034 593 1222 652 campis
1257 606 1346 637 nos
1379 590 1637 637 montibus
1669 588 1789 636 frui-

295 682 425 722 mur,
451 669 607 713 nostri
633 673 751 713 sunt
781 682 955 713 amnes
986 670 1143 713 nostri
1172 666 1326 723 lacus,
1350 683 1439 714 nos
1469 665 1640 731 fruges
1670 669 1789 713 seri-

298 759 409 789 mus
445 760 534 789 nos
572 744 791 800 arbores,
826 761 916 791 nos
953 761 1198 807 aquarum
1232 745 1606 791 inductionibus
1640 747 1788 791 terris

298 818 667 867 fecunditatem
694 821 889 877 damus,
915 838 1004 868 nos
1030 821 1237 867 flumina
1263 838 1489 868 arcemus
1515 822 1788 886 derigimus

298 900 587 954 avertimus,
615 901 797 945 nostris
826 899 1046 962 denique
1071 899 1303 945 manibus
1331 902 1384 945 in
1409 915 1579 945 rerum
1606 905 1789 946 natura

296 977 438 1038 quasi
465 974 677 1021 alteram
703 983 938 1022 naturam
965 977 1160 1023 efficere
1186 993 1439 1023 conamur.

190 1059 267 1100 153
357 1051 492 1099 LXI.
530 1051 558 1069 “
584 1052 720 1112 Quid
744 1070 862 1101 vero
885 1054 904 1100 ?
947 1052 1207 1100 hominum
1236 1057 1366 1100 ratio
1391 1070 1492 1100 non
1515 1056 1568 1100 in
1591 1052 1788 1100 caelum

296 1145 456 1193 usque
490 1131 822 1193 penetravit?
890 1130 991 1178 Soli
1029 1134 1163 1178 enim
1200 1147 1264 1178 ex
1311 1131 1652 1178 animantibus
1697 1146 1788 1178 nos

298 1213 546 1253 astrorum
602 1214 741 1255 ortus
797 1208 966 1255 obitus
1014 1224 1287 1272 cursusque
1335 1211 1676 1272 cognovimus,
1723 1208 1788 1256 ab

298 1281 560 1331 hominum
612 1301 802 1348 genere
855 1285 1026 1333 finitus
1081 1292 1160 1333 est
1211 1286 1319 1333 dies
1371 1288 1557 1332 mensis
1610 1301 1789 1342 annus,

297 1361 610 1409 defectiones
642 1362 756 1410 solis
787 1370 841 1410 et
869 1362 1020 1410 lunae
1049 1366 1284 1428 cognitae
1312 1363 1707 1426 praedictaeque
1735 1366 1788 1410 in

297 1455 446 1486 omne
506 1446 768 1502 posterum
827 1447 1050 1503 tempus,
1111 1457 1242 1504 quae
1303 1447 1525 1504 quantae
1585 1440 1788 1504 quando

295 1515 499 1563 futurae
550 1520 665 1565 sint.
739 1517 884 1576 Quae
935 1525 1180 1566 contuens
1232 1521 1427 1565 animus
1478 1518 1673 1565 accedit
1723 1517 1790 1565 ad

295 1597 636 1658 cognitionem
677 1595 905 1652 deorum,
942 1612 970 1643 e
1007 1612 1108 1659 qua
1143 1598 1300 1642 oritur
1339 1599 1522 1658 pietas,
1557 1598 1636 1642 cui
1673 1611 1790 1641 con-

296 1673 468 1718 iuncta
513 1675 707 1719 iustitia
755 1680 834 1720 est
879 1672 1206 1736 reliquaeque
1253 1676 1484 1729 virtutes,
1531 1688 1560 1719 e
1607 1673 1788 1736 quibus

297 1752 402 1796 vita
435 1750 591 1796 beata
627 1753 801 1796 existit
836 1767 927 1812 par
963 1757 1017 1797 et
1051 1750 1222 1797 similis
1259 1751 1485 1805 deorum,
1521 1748 1658 1796 nulla
1692 1749 1789 1795 alia

296 1841 351 1873 re
385 1829 479 1873 nisi
512 1827 897 1884 inmortalitate,
932 1844 1063 1891 quae
1098 1827 1221 1874 nihil
1255 1828 1319 1875 ad
1352 1828 1484 1874 bene
1518 1827 1787 1874 vivendum

296 1907 538 1966 pertinet,
562 1905 746 1951 cedens
770 1905 1087 1952 caelestibus.
1157 1904 1352 1963 Quibus
1373 1905 1523 1951 rebus
1548 1906 1787 1967 expositis

297 1984 418 2028 satis
455 1982 680 2029 docuisse
717 1983 889 2029 videor
924 1982 1138 2029 hominis
1178 1989 1361 2029 natura
1396 1988 1587 2045 quanto
1626 1983 1787 2028 omnis

300 2061 521 2106 anteiret
569 2063 888 2116 animantes;
955 2076 1019 2106 ex
1067 2076 1166 2123 quo
1215 2060 1373 2106 debet
1418 2058 1646 2122 intellegi
1693 2073 1787 2105 nec

297 2134 510 2200 figuram
546 2140 801 2200 situmque
838 2138 1179 2184 membrorum
1219 2153 1313 2183 nec
1349 2139 1540 2200 ingenii
1579 2139 1788 2182 mentis·

298 2229 397 2276 que
419 2217 517 2259 vim
539 2213 695 2260 talem
718 2215 843 2261 effici
863 2218 1087 2277 potuisse
1108 2213 1326 2261 fortuna.

200 2298 276 2337 154
363 2287 589 2338 “Restat
604 2298 661 2338 ut
677 2292 886 2339 doceam
903 2298 1058 2355 atque
1075 2290 1343 2354 aliquando
1358 2305 1608 2353 perorem,
1622 2291 1790 2336 omnia

298 2383 429 2430 quae
476 2372 577 2415 sint
621 2372 674 2414 in
717 2367 810 2415 hoc
852 2369 1042 2416 mundo
1085 2369 1267 2431 quibus
1311 2374 1522 2414 utantur
1562 2365 1789 2413 homines

299 2442 558 2491 hominum
579 2462 731 2493 causa
750 2444 887 2492 facta
908 2461 1018 2492 esse
1040 2452 1094 2492 et
1113 2451 1308 2508 parata.

307 2565 403 2612 270
