1919 3006
962 193 1213 242 CICERO

345 337 521 380 cantus
545 343 557 385 3
597 330 690 374 nisi
712 342 829 373 vero
850 324 986 388 loqui
1007 323 1164 371 solem
1186 340 1300 370 cum
1321 322 1438 370 luna
1459 331 1697 387 putamus
1719 342 1831 373 cum

342 411 545 474 propius
565 407 848 459 accesserit,
868 409 957 449 aut
975 402 1041 449 ad
1056 401 1371 448 harmoniam
1389 417 1570 449 canere
1587 403 1832 451 mundum

342 495 400 535 ut
428 484 742 550 Pythagoras
772 483 1045 528 existimat.
1115 479 1341 526 Naturae
1368 482 1467 526 ista
1493 486 1629 537 sunt,
1655 479 1831 538 Balbe,

342 572 556 612 naturae
582 578 683 608 non
710 558 976 606 artificiose
1003 556 1307 604 ambulantis
1333 563 1392 604 ut
1418 560 1490 605 ait
1515 557 1668 615 Zeno,
1695 559 1830 622 quod

342 642 549 706 quidem
582 637 730 702 quale
764 640 847 692 sit,
879 639 980 682 iam
1010 635 1308 691 videbimus,
1332 634 1423 682 sed
1455 638 1622 682 omnia
1654 638 1832 684 cientis

266 728 318 767 28
345 728 397 767 ct
415 719 655 782 agitantis
672 715 893 762 motibus
912 720 964 760 et
980 713 1347 759 mutationibus
1364 715 1480 759 suis.
1551 712 1734 776 Itaque
1751 713 1834 760 illa

341 796 463 844 mihi
483 794 719 859 placebat
740 795 899 839 oratio
921 791 984 838 de
1006 792 1359 837 convenient-ia
1379 806 1726 854 consensuque
1747 807 1835 837 na-

341 883 505 930 turae,
536 888 689 936 quam
719 872 861 933 quasi
891 871 1193 932 cognatione
1225 870 1520 914 continuata
1548 871 1833 930 conspirare

341 952 543 999 dicebas
569 966 579 996 :
622 947 745 994 illud
773 963 874 993 non
903 945 1198 1008 probabam,
1225 944 1360 1007 quod
1384 944 1607 1009 negabas
1632 945 1684 992 id
1709 948 1834 992 acci-

340 1030 462 1077 dere
487 1029 712 1091 potuisse
738 1027 832 1071 nisi
859 1039 921 1070 ea
945 1039 1046 1070 uno
1073 1022 1240 1070 divino
1266 1024 1446 1084 spiritu
1471 1025 1832 1071 contineretur.

342 1107 435 1154 Illa
463 1122 580 1153 vero
609 1103 848 1151 cohaeret
878 1107 931 1148 et
958 1106 1226 1163 permanet
1256 1106 1470 1147 naturae
1498 1100 1703 1156 viribus,
1732 1117 1833 1148 non

339 1185 566 1239 deorum,
588 1188 768 1244 estque
788 1182 841 1225 in
862 1195 923 1225 ea
941 1180 1038 1225 iste
1060 1180 1202 1241 quasi
1223 1193 1511 1234 consensus,
1537 1193 1691 1241 quam
1713 1198 1833 1240 συμ-

337 1261 538 1309 πάθειαν
563 1259 743 1307 Graeci
773 1262 972 1312 vocant,
1002 1255 1093 1303 sed
1123 1271 1185 1302 ea
1214 1271 1313 1318 quo
1343 1270 1435 1302 sua
1463 1262 1644 1318 sponte
1675 1258 1833 1303 maior

339 1347 417 1388 est
445 1355 504 1386 eo
530 1340 694 1384 minus
723 1336 891 1383 divina
916 1336 1112 1380 ratione
1140 1332 1247 1379 fieri
1275 1333 1611 1380 existimanda
1639 1339 1732 1380 est.

260 1428 311 1468 29
397 1416 516 1464 XII.
550 1415 577 1431 “
600 1414 691 1461 Illa
711 1420 902 1468 autem,
922 1427 1053 1474 quae
1073 1410 1359 1458 Carneades
1377 1408 1660 1467 adferebat,
1678 1427 1831 1488 quem

338 1495 401 1542 ad
417 1494 624 1541 modum
641 1490 907 1539 dissolvitis
927 1489 945 1535 ?
984 1488 1034 1536 Si
1054 1487 1246 1534 nullum
1266 1504 1443 1550 corpus
1459 1487 1727 1535 inmortale
1746 1491 1829 1545 sit,

337 1571 530 1619 nullum
551 1586 660 1617 esse
686 1572 884 1631 corpus1
911 1569 1279 1629 sempiternum
1302 1580 1314 1622 3
1359 1581 1537 1628 corpus
1564 1572 1738 1612 autem
1756 1568 1830 1612 in-

334 1648 548 1696 mortale
569 1646 762 1693 nullum
784 1661 911 1700 esse,
931 1659 996 1690 ne
1016 1643 1331 1690 individuum
1352 1643 1558 1706 quidem
1579 1659 1672 1690 nec
1692 1643 1828 1706 quod

335 1728 498 1775 dirimi
528 1722 801 1773 distrahive
831 1738 932 1769 non
960 1724 1133 1784 possit.
1203 1719 1433 1784 Cumque
1463 1736 1612 1767 omne
1643 1719 1828 1767 animal

335 1803 597 1867 patibilem
632 1809 867 1848 naturam
900 1798 1108 1854 habeat,
1142 1797 1335 1844 nullum
1370 1804 1450 1845 est
1484 1814 1657 1845 eorum
1692 1798 1827 1862 quod

335 1881 544 1944 effugiat
580 1878 857 1941 accipiendi
894 1876 1083 1940 aliquid
1119 1878 1449 1932 extrinsecus,
1483 1875 1536 1923 id
1571 1882 1649 1923 est
1684 1879 1825 1939 quasi

335 1958 530 2006 ferendi
560 1964 612 2004 et
639 1956 884 2019 patiendi,
912 1956 1290 2009 necessitatem,
1317 1959 1371 2000 et
1396 1955 1438 2000 si
1463 1969 1613 2000 omne
1641 1952 1825 1999 animal

333 2035 435 2083 tale
463 2042 540 2082 est
564 2032 831 2081 inmortale
856 2031 1049 2078 nullum
1075 2038 1167 2078 est.
1231 2030 1365 2094 Ergo
1389 2030 1586 2087 itidem,
1610 2033 1650 2077 si
1675 2046 1824 2077 omne

334 2112 519 2159 animal
547 2114 702 2158 secari
734 2127 791 2157 ac
819 2110 974 2157 dividi
1002 2115 1191 2171 potest,
1220 2107 1413 2154 nullum
1442 2114 1521 2154 est
1549 2124 1722 2155 eorum
1751 2111 1824 2154 in-

334 2191 611 2246 dividuum,
631 2188 823 2235 nullum
845 2194 1142 2243 aeternum3
1180 2188 1322 2249 atqui
1359 2201 1508 2232 omne
1545 2184 1730 2232 animal
1760 2185 1824 2232 ad

331 2267 676 2330 accipiendam
695 2269 794 2312 vim
815 2272 1080 2312 externam
1100 2270 1153 2310 et
1170 2261 1436 2310 ferundam
1455 2269 1691 2325 paratum
1710 2269 1788 2310 est
1809 2277 1823 2319 ;

538 2384 555 2411 ¹
583 2396 768 2435 corpus:
801 2381 967 2423 animal
990 2381 1180 2433 (auctore
1203 2380 1409 2433 Madviy)
1429 2380 1597 2422 Baiter.

300 2461 308 2469 ¹
378 2497 396 2516 ⁰
429 2491 514 2531 For
534 2490 607 2530 the
630 2494 640 2510 ‘
656 2491 796 2529 music
817 2489 866 2528 of
882 2488 955 2528 the
985 2487 1163 2538 spheres
1179 2486 1188 2502 '
1210 2486 1267 2539 cf.
1291 2488 1333 2527 ii.
1361 2489 1424 2534 19,
1443 2486 1531 2527 and
1554 2486 1695 2535 Plato,
1710 2486 1820 2539 Rep.

325 2559 365 2586 x.
389 2548 469 2585 617
492 2559 533 2586 13.
901 2541 917 2566 ⁶
950 2543 1033 2582 See
1055 2542 1096 2581 ii.
1121 2543 1189 2582 57.
1486 2545 1501 2565 ⁶
1534 2541 1561 2582 i.
1583 2543 1652 2582 54.

339 2618 434 2660 312
