1919 3006
923 212 1175 261 CICERO

301 343 460 392 simile
491 346 595 390 veri
627 343 749 406 quid
777 345 1057 389 invenerim
1080 342 1099 388 ?
1166 340 1284 397 Sed,
1315 348 1374 389 ut
1402 339 1498 388 hoc
1526 340 1797 404 pulcherri-

300 439 440 469 mum
472 437 582 469 esse
613 421 797 476 iudico,
828 436 949 467 vera
979 419 1169 475 videre,
1201 421 1270 466 sic
1300 436 1392 483 pro
1422 422 1552 466 veris
1583 420 1798 482 probare

300 498 427 546 falsa
461 501 808 562 turpissimum
844 505 936 545 est.
1007 497 1114 544 Nec
1148 504 1325 544 tamen
1360 513 1455 560 ego
1490 499 1532 543 is
1567 513 1678 544 sum
1712 498 1798 559 qui

301 576 423 623 nihil
470 593 712 639 umquam
759 574 871 622 falsi
914 575 1208 638 adprobem,
1256 576 1342 638 qui
1388 590 1667 637 numquam
1713 574 1798 621 ad-

300 658 507 710 sentiar,
533 657 619 717 qui
641 652 763 700 nihil
796 656 989 716 opiner,
1014 653 1100 700 sed
1141 654 1429 716 quaerimus
1462 652 1526 699 de
1549 654 1796 714 sapiente.

299 732 410 796 Ego
436 748 553 779 vero
577 734 685 794 ipse
720 738 774 778 et
804 746 1020 794 magnus
1045 730 1252 793 quidem
1285 746 1396 776 sum
1420 732 1653 792 opinator
1677 728 1799 792 (non

301 813 435 856 enim
473 826 584 856 sum
616 808 836 872 sapiens)
864 815 918 855 et
952 823 1092 855 meas
1130 810 1465 871 cogitationes
1502 809 1571 854 sic
1607 806 1799 871 derigo,

296 903 397 934 non
422 887 487 934 ad
509 886 647 933 illam
669 885 931 949 parvulam
955 885 1269 950 Cynosuram
1293 901 1395 948 qua

562 993 709 1035 fidunt
728 993 841 1035 duce
862 997 1080 1034 nocturna
1103 993 1344 1034 Phoenices
1365 994 1411 1033 in
1430 991 1537 1041 alto,

299 1098 358 1138 ut
387 1093 459 1138 ait
487 1091 694 1147 Aratus,
725 1105 888 1153 eoque
918 1089 1171 1137 derectius
1199 1089 1490 1153 gubernant
1519 1087 1656 1151 quod
1685 1103 1799 1134 eam

300 1175 483 1216 tenent
506 1184 638 1232 quae

583 1278 714 1306 cursu
735 1266 941 1305 interiore
961 1263 1085 1305 brevi
1104 1265 1374 1305 convertitur
1394 1262 1516 1312 orbe,

300 1352 389 1399 sed
420 1350 634 1398 Helicen
666 1357 720 1397 et
750 1349 1047 1397 clarissimos
1078 1347 1499 1412 Septemtriones,
1528 1348 1582 1396 id
1613 1354 1692 1396 est
1719 1364 1799 1396 ra-

297 1432 461 1477 tiones
484 1427 574 1475 has
597 1427 796 1475 latiore1
821 1430 1007 1490 specie,
1025 1443 1128 1473 non
1148 1427 1213 1473 ad
1236 1433 1393 1473 tenue
1414 1425 1660 1473 elimatas.
1721 1426 1798 1473 Eo

298 1507 357 1554 fit
379 1513 438 1553 ut
461 1522 624 1553 errem
649 1512 703 1552 et
725 1521 880 1569 vager
903 1504 1054 1552 latius
1074 1520 1086 1560 3
1123 1504 1215 1551 sed
1243 1520 1344 1551 non
1373 1503 1438 1551 de
1460 1519 1561 1559 me,
1584 1510 1644 1550 ut
1675 1504 1798 1559 dixi,

298 1584 389 1632 sed
405 1585 469 1631 de
487 1586 719 1646 sapiente
738 1585 1012 1646 quaeritur.
1081 1581 1201 1628 Visa
1219 1584 1353 1628 enim
1369 1584 1468 1628 ista
1484 1597 1599 1627 cum
1616 1584 1798 1628 acriter

297 1669 526 1709 mentem
561 1676 828 1708 sensumve
862 1659 1172 1723 pepulerunt
1207 1662 1412 1721 accipio,
1446 1661 1608 1722 iisque
1643 1661 1797 1705 inter-

299 1740 420 1787 dum
448 1742 604 1786 etiam
630 1738 886 1785 adsentior
912 1737 1026 1801 (nec
1050 1739 1272 1800 percipio
1298 1744 1490 1791 tamen,
1515 1735 1638 1782 nihil
1663 1739 1798 1783 enim

299 1818 513 1864 arbitror
532 1832 678 1879 posse
708 1815 1091 1878 percipi)—non
1110 1831 1221 1862 sum
1240 1817 1458 1877 sapiens,
1476 1817 1653 1876 itaque
1682 1816 1798 1861 visis

298 1895 423 1941 cedo
452 1910 618 1957 neque
646 1910 850 1956 possum
877 1896 1113 1940 resistere
1137 1907 1149 1948 3
1195 1894 1438 1955 sapientis
1467 1898 1641 1938 autem
1667 1889 1798 1938 hanc

299 1979 475 2019 censet
508 1970 758 2018 Arcesilas
792 1974 893 2017 vim
927 1986 1036 2017 esse
1069 1973 1362 2025 maximam,
1396 1969 1585 2015 Zenoni
1620 1969 1797 2015 adsen-

299 2053 449 2105 tiens,
472 2065 649 2095 cavere
672 2065 736 2095 ne
758 2052 1004 2111 capiatur,
1026 2064 1090 2095 ne
1112 2046 1316 2094 fallatur
1337 2045 1696 2094 videre—nihil
1719 2052 1798 2093 est

301 2130 436 2174 enim
467 2128 530 2173 ab
561 2142 623 2173 ea
651 2129 961 2190 cogitatione
992 2141 1146 2189 quam
1173 2124 1419 2171 habemus
1449 2124 1514 2172 de
1542 2126 1796 2188 gravitate

837 2253 852 2277 1
881 2252 1057 2294 latiores
1087 2255 1108 2294 ?
1134 2252 1264 2293 Reid.

362 2407 382 2426 ⁰
409 2401 502 2464 The
523 2398 644 2464 vvord
668 2400 874 2452 opinator
898 2400 932 2439 is
953 2397 1110 2440 coined
1138 2402 1185 2439 to
1210 2399 1298 2439 suit
1326 2397 1401 2439 the
1424 2397 1666 2450 pretended
1693 2397 1793 2439 self-

305 2454 674 2550 deprgcgfftlgrnssf
689 2454 763 2548 ,cille
783 2452 984 2554 {gisakdz‘
1026 2509 1134 2548 106:
1190 2505 1343 2546 Cicero
1385 2509 1542 2558 quotes
1580 2506 1648 2547 his
1694 2518 1793 2548 own

304 2562 579 2604 translation.

312 2633 405 2675 550
