1853 3001
876 200 1128 249 CICERO

255 334 376 378 vitio
402 331 495 377 sibi
520 330 908 377 tabernaculum
934 337 1142 394 captum
1166 329 1320 378 fuisse
1343 329 1536 378 hortos¹
1561 331 1747 395 Scipio-

262 415 356 468 nis,
393 414 527 476 quod
561 430 675 460 cum
702 415 986 476 pomerium
1027 420 1207 476 postea
1246 416 1487 461 intrasset
1525 412 1748 462 habendi

255 502 461 542 senatus
510 511 661 541 causa
707 497 760 541 in
806 495 1068 541 redeundo
1117 511 1231 542 cum
1279 495 1417 542 idem
1463 498 1746 558 pomerium

253 579 492 623 transiret
517 578 762 638 auspicari
786 583 921 622 esset
944 575 1129 623 oblitus
1153 591 1165 632 ;
1205 579 1381 639 itaque
1405 579 1527 624 vitio
1550 584 1746 624 creatos

254 657 481 705 consules
501 674 625 705 esse.
694 658 929 721 Augures
947 674 1056 704 rem
1075 658 1140 704 ad
1157 665 1392 705 senatum
1415 673 1427 714 ;
1463 666 1670 705 senatus
1689 665 1748 705 ut

255 740 550 787 abdicarent
599 739 826 786 consules
851 755 862 795 3
933 740 1310 786 abdicaverunt.
1395 738 1539 799 Quae
1593 756 1747 803 quae-

253 824 407 868 rimus
449 820 684 883 exempla
722 821 954 867 maiora?
1021 820 1109 867 Vir
1149 824 1547 883 sapientissimus
1589 829 1746 884 atque

254 902 391 950 haud
430 905 583 949 sciam
614 919 678 948 an
718 905 941 948 omnium
980 905 1441 964 praestantissimus
1479 909 1746 965 peccatum

253 1000 399 1031 suum
417 984 553 1047 quod
569 983 719 1030 celari
734 991 907 1046 posset
924 984 1152 1030 confiteri
1168 983 1348 1030 maluit
1365 1000 1519 1047 quam
1534 983 1746 1031 haerere

251 1068 304 1112 in
323 1082 377 1112 re
398 1065 600 1128 publica
619 1065 932 1129 religionem,
955 1064 1181 1112 consules
1203 1082 1457 1112 summum
1477 1068 1746 1128 imperium

253 1150 429 1195 statim
460 1148 715 1210 deponere
749 1164 901 1210 quam
932 1148 984 1194 id
1014 1154 1192 1193 tenere
1223 1154 1471 1209 punctum
1501 1150 1746 1210 temporis

179 1235 229 1276 12
253 1236 429 1276 contra
487 1228 798 1292 religionem.
870 1228 1065 1292 Magna
1127 1245 1375 1293 augurum
1437 1232 1710 1276 auctoritas
1735 1243 1748 1285 3

255 1311 395 1373 quid,
457 1309 778 1373 haruspicum
841 1327 918 1356 ars
981 1326 1148 1356 nonne
1211 1311 1421 1357 divina?
1489 1310 1631 1357 Haec
1694 1317 1748 1357 et

254 1391 641 1438 innumerabilia
683 1408 745 1438 ex
788 1392 969 1438 eodem
1009 1408 1199 1456 genere
1241 1395 1327 1454 qui
1368 1393 1539 1439 videat
1579 1408 1747 1439 nonne

254 1480 466 1537 cogatur
504 1474 733 1520 confiteri
772 1474 893 1520 deos
934 1474 1084 1520 esse?
1154 1472 1380 1531 Quorum
1421 1476 1556 1519 enim
1592 1476 1748 1520 inter-

253 1562 424 1617 pretes
448 1561 567 1602 sunt
591 1571 674 1601 eos
698 1558 830 1617 ipsos
855 1571 964 1601 esse
988 1561 1127 1601 certe
1151 1570 1357 1601 necesse
1382 1561 1461 1601 est
1483 1569 1495 1610 3
1536 1555 1746 1602 deorum

255 1643 429 1683 autem
458 1639 765 1699 interpretes
797 1644 914 1683 sunt
939 1652 950 1692 3
999 1637 1119 1683 deos
1150 1639 1306 1700 igitur
1337 1652 1445 1683 esse
1476 1634 1745 1683 fateamur.

254 1719 327 1764 At
349 1716 562 1764 fortasse
588 1735 688 1764 non
713 1721 881 1764 omnia
907 1721 1147 1764 eveniunt
1173 1733 1303 1780 quae
1326 1717 1589 1780 praedicta
1611 1724 1746 1765 sunt.

255 1799 333 1845 Ne
387 1803 527 1863 aegri
581 1800 787 1862 quidem
841 1802 959 1862 quia
1012 1816 1113 1845 non
1166 1815 1340 1845 omnes
1393 1797 1749 1845 convalescunt

254 1881 436 1927 idcirco
464 1897 541 1927 ars
569 1880 706 1927 nulla
731 1881 983 1927 medicina
1010 1888 1102 1927 est.
1173 1879 1326 1944 Signa
1352 1880 1692 1927 ostenduntur
1718 1897 1749 1927 a

256 1962 331 2009 dis
358 1978 527 2008 rerum
564 1960 849 2008 futurarum
873 1977 884 2017 3
931 1964 983 2008 in
1011 1961 1086 2008 his
1117 1965 1156 2008 si
1193 1964 1280 2024 qui
1309 1968 1619 2017 erraverunt,
1647 1978 1747 2008 non

254 2043 464 2090 deorum
494 2049 677 2089 natura
706 2043 797 2090 sed
826 2042 1086 2090 hominum
1117 2046 1406 2090 coniectura
1433 2045 1678 2105 peccavit.

319 2123 348 2140 “
373 2124 556 2187 Itaque
604 2128 738 2171 inter
786 2127 946 2171 omnis
996 2127 1220 2170 omnium
1267 2127 1504 2187 gentium
1551 2140 1749 2170 summa

256 2212 490 2261 constat3
551 2206 782 2252 omnibus
825 2208 959 2252 enim
1000 2209 1233 2252 innatum
1275 2212 1353 2252 est
1394 2212 1448 2252 et
1487 2207 1539 2251 in
1581 2208 1748 2251 animo

182 2293 231 2333 13
257 2290 399 2349 quasi
427 2285 733 2349 insculptum
765 2303 873 2333 esse
904 2287 1039 2333 deos.
1109 2286 1168 2333 V.
1207 2285 1393 2345 Quales
1424 2289 1525 2332 sint
1555 2289 1749 2332 varium

459 2398 475 2422 1
505 2397 607 2442 <ads
629 2398 777 2438 hortos
801 2397 1058 2446 schamam,
1081 2399 1124 2438 in
1147 2397 1282 2438 hortis
1302 2397 1555 2437 Lambinus,

324 2519 343 2539 ‘⁸
371 2515 465 2555 The
492 2514 679 2566 validity
700 2516 751 2555 of
772 2515 846 2555 the
873 2515 1067 2566 military
1088 2517 1288 2567 auspices
1318 2514 1496 2566 expired
1523 2514 1650 2555 when
1675 2513 1751 2554 the

265 2571 546 2621 magistrates
569 2569 776 2610 returned
796 2570 948 2609 within
970 2569 1044 2609 the
1064 2571 1169 2622 city.

274 2638 365 2680 134
