1853 3001
884 209 1136 259 CICERO

194 349 247 389 65
269 369 333 375 —
351 338 485 388 hunc
523 344 680 405 igitur
719 341 912 388 Ennius
952 348 1011 389 ut
1050 359 1202 405 supra
1241 342 1346 390 dixi
1385 349 1647 406 nuncupat
1683 346 1758 391 ita

266 408 436 456 dicens
460 425 471 456 ι

320 497 466 547 aspice
495 495 578 536 hoc
600 494 787 536 sublime
808 495 1002 537 candens
1018 510 1151 549 quem
1181 498 1388 538 invocant
1410 510 1563 538 omnes
1589 496 1755 546 Iovem,

261 570 458 633 planius
482 587 635 634 quam
657 571 754 618 alio
775 571 883 618 loco
905 571 1042 619 idem
1065 587 1078 620 t

322 658 411 699 eui1
427 658 545 711 quod
561 660 606 699 in
628 671 700 699 me
719 662 784 699 est
799 658 1055 700 exsecrabor
1070 659 1155 700 hoc
1169 658 1290 712 quod
1305 658 1422 701 lucet
1434 658 1646 712 quicquid
1662 662 1726 700 est
1741 675 1753 705 z

263 732 397 780 hunc
413 736 569 780 etiam
586 750 802 797 augures
818 737 993 790 nostri,
1009 751 1124 781 eum
1144 735 1319 782 dieunt
1344 733 1354 750 ‘
1370 734 1490 782 Iove
1505 733 1756 799 fulgente,

264 808 478 848 tonante
498 800 507 816 '
529 818 539 848 ε
576 801 752 849 dicunt
777 805 912 848 em'm
942 800 952 818 ‘
976 802 1117 849 63610
1142 801 1374 866 fulgente
1406 807 1479 850 et²
1507 801 1756 850 tonante.’

264 868 531 931 Euripides
557 876 731 916 autem
756 876 814 916 ut
837 869 1000 916 multa
1017 870 1275 932 praeclare
1295 873 1364 917 sic
1387 869 1481 917 hoc
1503 870 1725 917 breviter
1745 885 1757 917 ε

325 954 446 995 vides
468 954 655 996 sublime
673 955 825 996 fusum
846 955 1174 997 inmoderatum
1195 956 1386 1005 aethera,

326 1010 402 1061 qui
421 1013 584 1049 terram
606 1014 754 1050 tenero
776 1011 1058 1051 circumiectu
1080 1009 1388 1062 amplectitur:

327 1063 445 1104 hunc
465 1076 691 1104 summum
712 1064 873 1105 habeto
895 1064 1062 1112 divum,
1085 1064 1203 1105 hune
1223 1065 1452 1117 perhibeto
1475 1064 1640 1107 Iovem.

193 1147 246 1187 66
332 1137 520 1186 XXVI.
560 1137 586 1154 “
606 1139 714 1185 Aer
739 1146 930 1195 autem,
955 1146 1014 1186 ut
1039 1138 1192 1186 Stoici
1217 1139 1498 1201 disputant,
1521 1141 1758 1186 interiec-

264 1212 346 1252 tus
365 1209 499 1252 inter
516 1222 657 1252 mare
678 1213 731 1253 et
751 1206 947 1253 636111111
967 1206 1172 1253 Iunonis
1198 1211 1401 1254 nomine
1417 1214 1756 1264 consecratur,

264 1289 395 1335 quae
427 1280 505 1319 est
535 1290 671 1320 soror
702 1281 756 1320 et
784 1277 1002 1320 coniunx
1039 1273 1188 1330 Iovis,
1219 1274 1355 1337 quod
1386 1277 1451 1320 ei³
1481 1274 1756 1321 similitudo

265 1347 344 1387 est
385 1339 605 1387 aetheris
643 1347 697 1388 et
733 1358 848 1388 eum
888 1357 948 1388 eo
985 1357 1183 1388 summa
1214 1345 1532 1397 coniuncti03
1569 1340 1757 1388 effemi-

263 1414 450 1454 narunt
474 1415 649 1454 autem
668 1424 785 1455 eum
821 1408 1105 1471 Iunonique
1140 1409 1431 1456 tribuerunt
1462 1409 1599 1472 quod
1634 1408 1758 1455 nihil

265 1481 344 1521 est
391 1491 451 1521 eo
497 1476 710 1522 mollius.
781 1474 902 1539 (Sed
956 1476 1205 1522 Iunonem
1259 1492 1289 1523 3
1339 1476 1559 1523 iuvando
1604 1476 1755 1523 eredo

264 1542 617 1606 nominatam.)
683 1543 835 1606 Aqua
867 1544 1099 1590 restabat
1135 1550 1188 1590 et
1222 1550 1376 1600 terra,
1400 1550 1460 1590 ut
1495 1550 1666 1590 essent
1691 1559 1755 1590 ex

263 1608 446 1656 fabulis
470 1613 569 1656 tria
590 1626 749 1673 regna
773 1611 945 1657 divisa.
1015 1610 1211 1657 Datum
1235 1617 1313 1658 est
1334 1614 1491 1674 igitur
1513 1610 1756 1673 Neptuno

265 1676 521 1732 alterum‚4
551 1677 681 1723 Iovis
722 1684 781 1725 ut
819 1677 1014 1724 volunt⁵
1055 1676 1216 1733 fratri,
1251 1681 1563 1724 maritimum
1604 1693 1755 1724 omne

263 1760 496 1807 regnum,
524 1760 813 1808 nomenque
842 1745 1146 1808 productum
1175 1751 1234 1792 ut
1263 1744 1515 1792 Portunus
1546 1761 1576 1791 3
1603 1751 1756 1807 portu

263 1814 333 1857 sic
374 1811 644 1874 Neptunus
686 1828 716 1858 3
750 1812 918 1859 nando
964 1812 1172 1874 paulum
1217 1815 1389 1874 primis
1435 1812 1618 1859 litteris
1662 1815 1756 1858 im-

263 1882 490 1926 mutatis.
574 1879 797 1926 Terrena
838 1887 1012 1926 autem
1054 1883 1125 1926 vis
1167 1882 1327 1926 omnis
1375 1886 1531 1942 atque
1571 1885 1756 1926 natura

265 1944 375 1992 Diti
404 1949 538 2008 patri
570 1947 807 1994 dedicata
837 1954 915 1993 est
949 1946 1055 2010 (qui
1081 1946 1255 2003 Dives,
1281 1953 1340 1994 ut
1369 1946 1505 2009 apud
1535 1945 1754 1993 Graecos

269 2012 548 2077 Πλούτων),
565 2018 684 2077 quia
704 2021 758 2061 et
775 2015 1009 2061 recidunt
1024 2017 1193 2061 omnia
1209 2017 1262 2060 in
1280 2021 1441 2061 terras
1458 2020 1511 2060 et
1526 2016 1756 2061 oriuntur

601 2110 619 2136 ²
649 2111 726 2163 qui
748 2111 849 2151 dett.
1104 2110 1121 2135 ²
1150 2113 1194 2151 et
1213 2123 1295 2151 om.
1318 2110 1421 2150 dett.

575 2164 591 2189 ³
622 2166 662 2204 ei
681 2164 850 2205 Probus
869 2181 880 2206 ε
902 2168 946 2206 et
965 2175 1081 2212 MSS„
1103 2165 1143 2205 ei
1164 2167 1207 2204 et
1228 2162 1462 2216 Heindorf.

476 2218 494 2243 ⁴
523 2217 648 2259 alteri
667 2219 710 2259 A
735 2232 844 2260 corr.
962 2219 979 2244 ⁵
1009 2217 1212 2260 volumus
1229 2231 1302 2270 pr.
1325 2218 1385 2265 A,
1403 2231 1475 2270 pr.
1497 2216 1552 2259 B.

328 2306 347 2326 ⁰
378 2304 456 2348 54.

332 2355 350 2381 δ
380 2355 614 2408 Euripides
632 2357 686 2397 fr.
707 2358 816 2398 386:

528 2420 620 2471 ὁρᾷς
648 2423 717 2460 τὸν
749 2423 850 2471 ὑψοῦ
879 2421 986 2459 τόνδ’
1018 2422 1180 2471 ἄπειρον
1211 2421 1350 2470 αἰθέρα

529 2478 594 2513 καὶ
621 2476 701 2523 ’γὴν
731 2477 843 2525 πέριξ
873 2475 1006 2524 ἔχονθ’
1041 2476 1175 2525 ὑγραῖς
1205 2477 1246 2513 ἐν
1277 2476 1493 2524 ἀγκάλαις·

375 2581 421 2622 H
527 2532 668 2569 τοῦτον
697 2530 832 2578 νόμιζε
861 2530 985 2577 Ζῆνα,
1016 2529 1123 2568 τόνδ’
1155 2530 1255 2577 ὴὙοῦ
1285 2529 1392 2569 θεόν.

333 2585 349 2608 ’
424 2595 512 2623 era.

275 2633 367 2684 186
