1919 3006
986 176 1238 225 CICERO

363 303 641 352 secundum
657 321 757 351 non
774 321 919 367 posse
936 304 988 351 id
1002 307 1210 367 percipi,
1226 307 1437 352 tertium
1454 307 1589 352 inter
1607 320 1738 368 quae
1757 306 1859 353 visa

361 385 483 432 nihil
520 389 724 433 intersit
762 386 868 432 fieri
906 402 1007 432 non
1043 402 1191 449 posse
1229 393 1288 433 ut
1326 402 1500 433 eorum
1538 385 1636 432 alia
1671 389 1859 449 percipi

362 470 572 530 possint,
599 466 695 513 alia
720 484 821 514 non
845 470 1056 529 possint,
1082 474 1320 530 quartum
1345 465 1539 514 nullum
1565 483 1675 514 esse
1699 470 1860 514 visum

362 564 536 595 verum
558 565 587 594 a
607 565 757 595 sensu
778 547 1063 611 profectum
1085 551 1163 594 cui
1184 565 1284 595 non
1307 548 1594 611 adpositum
1614 551 1680 595 sit
1699 551 1860 596 visum

363 628 499 676 aliud
530 630 665 693 quod
697 630 761 676 ab
793 645 854 677 eo
885 628 1007 676 nihil
1037 632 1239 676 intersit
1271 630 1510 693 quodque
1538 632 1729 693 percipi
1760 646 1861 677 non

361 714 533 772 possit.
601 711 798 758 Horum
831 718 1074 774 quattuor
1106 714 1331 773 capitum
1364 711 1642 758 secundum
1674 717 1729 758 et
1759 717 1861 758 ter-

362 795 490 838 tium
527 809 702 839 omnes
739 792 1055 849 concedunt3
1094 795 1314 855 primum
1349 792 1595 855 Epicurus
1628 809 1729 839 non
1753 793 1860 849 dat,

362 889 447 920 vos
478 874 778 937 quibuscum
806 889 886 920 res
919 880 998 920 est
1025 873 1079 920 id
1108 889 1311 937 quoque
1341 873 1651 929 conceditis;
1700 876 1860 921 omnis

283 964 336 1003 84
360 971 534 1018 pugna
586 955 650 1002 de
705 962 886 1018 quarto
942 961 1035 1002 est.
1124 954 1224 1013 Qui
1277 957 1432 1018 igitur
1485 954 1540 1002 P.
1595 953 1860 1002 Servilium

362 1036 636 1082 Geminum
677 1036 901 1092 videbat,
943 1039 983 1083 si
1026 1035 1275 1094 Quintum
1317 1052 1371 1083 se
1411 1036 1583 1083 videre
1623 1037 1860 1099 putabat,

361 1117 618 1164 incidebat
637 1120 690 1164 in
713 1120 819 1164 eius
839 1118 976 1164 modi
998 1120 1158 1164 visum
1181 1117 1317 1180 quod
1337 1120 1528 1181 percipi
1548 1134 1650 1164 non
1669 1124 1860 1181 posset,

362 1202 481 1261 quia
512 1197 649 1245 nulla
681 1205 804 1245 nota
835 1215 1011 1245 verum
1044 1199 1455 1262 distinguebatur
1487 1215 1518 1245 a
1547 1197 1709 1255 falso;
1760 1215 1862 1262 qua

362 1280 685 1327 distinctione
723 1279 924 1326 sublata
960 1296 1113 1343 quam
1149 1279 1365 1327 haberet
1400 1282 1453 1326 in
1489 1279 1544 1327 C.
1583 1279 1739 1327 Cotta
1774 1283 1860 1344 q'ui

361 1361 436 1408 bis
473 1378 588 1408 cum
626 1361 842 1408 Gemino
879 1360 1051 1408 consul
1088 1360 1186 1408 fuit
1223 1361 1542 1425 agnoscendo
1581 1364 1687 1408 eius
1723 1361 1860 1409 modi

362 1449 537 1489 notam
571 1459 702 1505 quae
737 1441 863 1489 falsa
897 1458 1007 1489 esse
1041 1459 1142 1489 non
1174 1442 1388 1505 posset?
1456 1442 1626 1507 Negas
1659 1449 1861 1490 tantam

362 1523 744 1571 similitudinem
763 1527 816 1570 in
836 1540 1005 1570 rerum
1028 1531 1211 1570 natura
1233 1539 1358 1571 esse.
1415 1522 1618 1588 Pugnas
1639 1527 1861 1581 omnino,

362 1605 451 1652 sed
479 1622 593 1652 cum
623 1605 906 1652 adversario
934 1603 1066 1651 facili
1091 1620 1102 1660 ;
1147 1620 1212 1652 ne
1240 1607 1306 1652 sit
1333 1620 1455 1652 sane
1479 1621 1490 1652 ι
1535 1605 1693 1652 videri
1721 1611 1861 1653 certe

362 1693 551 1748 potest,
603 1685 747 1733 fallet
796 1689 952 1750 igitur
1003 1702 1223 1741 sensum,
1275 1692 1330 1733 et
1379 1688 1420 1733 si
1470 1702 1572 1733 una
1620 1684 1862 1733 fefellerit

363 1767 653 1824 similitudo,
698 1767 853 1814 dubia
895 1770 1064 1814 omnia
1105 1767 1419 1823 reddiderit3
1481 1766 1681 1814 sublato
1724 1770 1860 1814 enim

361 1849 543 1896 iudicio
586 1848 669 1895 illo
714 1865 813 1912 quo
857 1855 1061 1912 oportet
1105 1851 1327 1916 agnosci3
1370 1851 1569 1895 etiamsi
1611 1851 1720 1912 ipse
1763 1851 1861 1896 erit

363 1946 516 1993 quem
547 1930 729 1977 videris
762 1932 847 1993 qui
879 1930 971 1976 tibi
1004 1930 1275 1986 videbitur,
1307 1936 1483 1976 tamen
1513 1946 1615 1976 non
1647 1945 1709 1976 ea
1738 1936 1861 1977 nota

362 2011 622 2067 iudicabis,
671 2028 772 2074 qua
819 2011 940 2058 dicis
989 2018 1241 2074 oportere,
1290 2017 1349 2057 ut
1395 2027 1496 2058 non
1542 2013 1702 2074 possit
1749 2026 1859 2058 esse

284 2103 338 2142 85
364 2093 589 2139 eiusdem
627 2092 764 2139 modi
801 2090 941 2138 falsa.
1015 2091 1231 2151 Quando
1269 2095 1424 2156 igitur
1460 2098 1634 2155 potest
1669 2092 1763 2139 tibi
1800 2090 1856 2140 P.

423 2219 443 2239 ‘²
474 2213 688 2255 Identical
714 2215 904 2266 pictures
934 2226 1039 2266 may
1059 2213 1114 2254 be
1136 2213 1306 2253 formed
1332 2215 1376 2253 in
1401 2213 1475 2253 the
1499 2213 1622 2254 mind
1641 2212 1704 2265 (1)
1722 2211 1856 2265 truly,

366 2268 493 2308 when
514 2282 597 2308 one
617 2267 666 2308 of
688 2268 762 2308 the
781 2280 928 2308 senses
949 2270 983 2307 is
1003 2267 1189 2307 affected
1217 2267 1277 2318 by
1297 2280 1354 2307 an
1375 2266 1569 2307 external
1588 2266 1746 2320 object,
1765 2267 1855 2307 and

366 2322 429 2373 (2)
454 2321 628 2373 falsely‚
649 2322 775 2362 when
797 2336 862 2362 we
883 2320 1073 2362 mistake
1092 2335 1176 2361 one
1195 2321 1340 2373 object
1356 2320 1426 2361 for
1443 2321 1644 2368 another,
1658 2335 1708 2362 or
1727 2321 1854 2362 when

366 2390 431 2417 we
451 2374 616 2427 merely
640 2377 834 2428 imagine
866 2389 930 2415 we
949 2389 1019 2416 see
1043 2389 1100 2415 an
1121 2374 1278 2427 object.
1342 2374 1394 2415 In
1417 2374 1491 2415 the
1515 2374 1643 2415 latter
1661 2387 1760 2415 case
1780 2375 1855 2416 the

368 2428 533 2470 mental
557 2431 727 2482 picture
753 2431 788 2469 is
809 2433 887 2470 not
905 2429 915 2445 ‘
935 2428 1164 2481 perceived
1181 2429 1191 2445 ’
1212 2430 1256 2469 in
1281 2428 1355 2468 the
1373 2427 1591 2469 technical
1608 2441 1733 2469 sense
1751 2428 1854 2469 here

365 2483 587 2525 assumed.
634 2483 871 2525 Therefore
888 2484 923 2524 it
945 2485 982 2524 is
1000 2486 1081 2524 not
1097 2482 1108 2500 ‘
1127 2481 1357 2536 perceived
1376 2481 1387 2499 '
1407 2483 1452 2523 in
1475 2482 1551 2523 the
1568 2481 1733 2523 former
1752 2494 1853 2524 case

367 2538 517 2579 either.
1248 2535 1268 2563 δ
1298 2535 1382 2578 See
1401 2539 1422 2584 ς
1441 2539 1512 2578 56.

370 2606 465 2652 572
