1853 3001
900 195 1152 243 CICERO

281 331 400 381 tur3
451 325 575 388 quid
608 332 782 371 autem
815 328 1027 371 interius
1060 325 1278 372 mente?
1330 328 1582 388 cingetur²
1614 328 1771 389 igitur

202 397 257 439 27
281 409 487 455 corpore
519 400 731 439 externo
754 407 766 447 ;
814 392 950 455 quod
980 395 1219 455 quoniam
1247 409 1348 438 non
1376 392 1563 455 placet,
1592 399 1772 455 aperta

279 459 597 522 simplexque
641 475 802 513 mens,
838 458 975 506 nulla
1021 475 1076 505 re
1126 460 1365 506 adiuncta
1412 465 1532 522 qua²
1579 463 1769 506 sentire

278 530 454 589 possit,
477 526 655 590 fugere
676 525 1062 590 intellegentiae
1084 534 1287 572 nostrae
1310 529 1411 572 vim
1434 533 1489 573 et
1509 530 1770 574 notionem

279 594 494 641 videtur.
563 593 883 640 Crotoniates
928 601 1103 640 autem
1146 593 1407 649 Alcmaeo,
1451 597 1538 657 qui
1581 593 1672 641 soli
1717 601 1771 640 et

278 659 428 707 lunae
443 660 751 724 reliquisque
767 661 1013 707 sideribus
1029 663 1300 724 animoque
1315 667 1583 723 praeterea
1595 661 1772 708 divini-

277 735 442 774 tatem
483 729 644 784 dedit,
683 745 785 774 non
824 731 983 774 sensit
1021 744 1132 774 sese
1171 727 1468 774 mortalibus
1506 729 1657 775 rebus
1695 731 1771 774 in-

276 794 644 842 mortalitatem
687 796 823 843 dare.
893 795 1024 841 Nam
1067 794 1402 859 Pythagoras,
1444 798 1531 858 qui
1572 797 1771 842 censuit

278 866 502 908 animum
525 879 634 909 esse
655 879 746 925 per
766 869 1003 908 naturam
1022 879 1192 909 rerum
1213 879 1416 909 omnem
1435 865 1694 909 intentum
1715 869 1770 909 et

277 937 652 976 commeantem
685 946 749 976 ex
782 946 881 993 quo
914 932 1073 976 nostri
1105 932 1259 975 animi
1290 937 1636 992 carperentur,
1667 946 1769 976 non

278 997 404 1044 vidit
433 997 761 1044 distractione
791 996 1127 1043 humanorum
1158 999 1438 1043 animorum
1469 997 1684 1060 discerpi
1715 1003 1770 1043 et

274 1063 483 1110 lacerari
528 1065 699 1119 deum,
740 1071 794 1110 et
833 1081 947 1110 cum
994 1067 1163 1110 miseri
1210 1067 1361 1110 animi
1403 1071 1591 1120 essent,
1631 1063 1767 1126 quod

273 1130 527 1194 plerisque
551 1135 889 1195 contingeret,
913 1139 1025 1177 tum
1049 1132 1131 1178 dei
1154 1138 1355 1193 partem
1379 1147 1489 1178 esse
1512 1134 1767 1186 miseram,

193 1204 249 1244 28
274 1199 411 1261 quod
430 1199 538 1245 fieri
557 1216 657 1245 non
677 1206 864 1260 potest.
904 1198 1005 1244 Cur
1025 1205 1199 1244 autem
1219 1201 1489 1261 quicquam
1507 1201 1768 1262 ignoraret

273 1269 468 1312 animus
491 1265 723 1322 hominis,
745 1269 786 1312 si
809 1273 945 1312 esset
967 1266 1091 1312 deus
1115 1266 1133 1312 ?
1175 1282 1275 1329 quo
1297 1266 1448 1312 modo
1469 1282 1617 1328 porro
1639 1266 1765 1312 deus

271 1335 387 1389 iste,
411 1336 452 1380 si
475 1333 599 1379 nihil
624 1340 759 1379 esset
782 1337 876 1379 nisi
901 1336 1114 1389 animus,
1139 1340 1229 1379 aut
1251 1332 1434 1380 infixus
1459 1340 1549 1380 aut
1570 1331 1765 1379 infusus

272 1407 409 1447 esset
458 1403 511 1446 in
561 1401 751 1447 mundo
774 1401 792 1446 ?
859 1400 989 1446 Tum
1040 1399 1400 1463 Xenophanes,
1452 1403 1538 1462 qui
1588 1407 1765 1446 mente

271 1468 511 1514 adiuncta
539 1484 689 1514 omne
709 1473 1001 1530 propterea³
1023 1468 1160 1530 quod
1181 1474 1317 1514 esset
1335 1467 1590 1513 infinitum
1611 1467 1765 1514 deum

271 1534 430 1581 voluit
446 1551 573 1590 esse,
585 1536 648 1581 de
664 1538 773 1597 ipsa
788 1542 962 1581 mente
977 1538 1104 1581 item
1114 1534 1504 1597 reprehenditur
1514 1541 1572 1581 ut
1587 1537 1764 1590 ceteri,

271 1602 336 1648 de
360 1602 615 1648 infinitate
642 1610 817 1648 autem
842 1601 1213 1658 vehementius,
1237 1605 1290 1648 in
1316 1618 1417 1665 qua
1441 1600 1564 1647 nihil
1594 1617 1763 1665 neque

269 1672 494 1716 sentiens
506 1686 674 1732 neque
688 1673 1012 1716 coniunctum
1021 1677 1195 1731 potest
1205 1685 1330 1716 esse.
1363 1668 1493 1715 Nam
1506 1667 1764 1714 Parmeni-

270 1735 360 1782 des
393 1737 600 1800 quidem
631 1740 1041 1783 commenticium
1071 1737 1333 1799 quiddam*
1357 1752 1571 1783 coronae
1599 1735 1762 1782 simile

271 1803 423 1850 efficit
439 1804 704 1867 (στεφάνην
724 1803 987 1866 appellat),
1003 1807 1353 1850 continentem
1369 1803 1622 1850 ardorum⁵
1638 1802 1761 1850 lucis

269 1871 443 1917 orbem
477 1874 563 1934 qui
587 1874 764 1935 cingit⁶
790 1871 1004 1926 caelum,
1042 1887 1195 1934 quem
1233 1869 1458 1933 appellat
1493 1870 1672 1925 deum3
1709 1873 1761 1916 in

269 1954 369 2000 quo
393 1954 560 2001 neque
585 1939 798 2001 figuram
821 1939 1043 1984 divinam
1067 1954 1234 2001 neque
1266 1954 1470 1984 sensum
1493 1940 1760 2000 quisquam

267 2008 507 2066 suspicari
534 2013 724 2067 potest,
751 2005 1016 2068 multaque
1045 2006 1273 2052 eiusdem
1300 2011 1543 2060 monstra,
1571 2007 1761 2067 quippe

267 2075 354 2134 qui
370 2071 577 2127 bellum,
595 2076 680 2135 qui
696 2073 1014 2128 discordiam,
1031 2076 1117 2135 qui
1134 2072 1470 2134 cupiditatem
1485 2078 1761 2133 ceteraque

266 2142 468 2202 generis
501 2141 730 2187 eiusdem
764 2140 829 2187 ad
863 2141 1016 2187 deum
1050 2146 1273 2195 revocet,
1306 2155 1438 2202 quae
1472 2137 1553 2185 vel
1584 2138 1762 2185 morbo

695 2278 711 2302 ²
741 2279 941 2328 cingetur
961 2278 1077 2318 Ast:
1116 2279 1333 2328 cingatur.

671 2332 686 2356 ²
715 2345 804 2383 qua
825 2331 889 2372 St.
915 2332 1191 2382 Auqustz'ne:
1230 2343 1358 2382 quae.

656 2386 672 2409 ³
702 2389 933 2436 propterea
952 2384 1096 2425 Reid:
1135 2388 1373 2436 praeterea.

526 2437 545 2465 ⁸
575 2437 671 2478 Iam
695 2439 741 2479 P.
763 2438 978 2490 quiddam
1000 2439 1357 2478 commenticium
1376 2437 1475 2480 θεά.

663 2493 679 2517 ⁵
708 2492 917 2532 ardorum
933 2506 1006 2544 pr.
1029 2492 1068 2531 B
1087 2509 1096 2532 :
1135 2491 1352 2532 ardorem.

813 2548 830 2571 ⁶
859 2548 1009 2598 cingat
1029 2545 1219 2586 Ernesti.

268 2615 333 2659 30
