1919 3006
997 181 1249 230 CICERO

378 309 513 372 quod
535 309 660 356 velle
681 309 877 356 efficere
898 326 998 356 non
1016 309 1281 356 mediocris
1301 312 1525 357 insaniae
1546 316 1640 358 est.
1692 309 1863 357 Simili-

376 377 579 424 tudines
621 393 738 423 vero
787 383 876 424 aut
922 380 1239 440 geminorum
1282 384 1370 423 aut
1412 380 1668 441 signorum
1710 376 1869 424 anulis

375 447 732 507 impressorum
782 443 1044 506 pueriliter
1095 450 1466 491 consectantur.
1558 443 1682 503 Quis
1735 447 1869 491 enim

376 518 604 558 nostrum
639 509 991 558 similitudines
1026 518 1184 574 negat
1218 527 1346 566 esse,
1371 527 1485 558 cum
1520 527 1612 558 eae
1644 510 1870 574 plurimis

375 581 428 624 in
459 579 611 625 rebus
648 579 970 641 appareant?
1019 578 1110 624 sed
1147 579 1187 624 si
1220 580 1341 625 satis
1378 584 1457 625 est
1495 578 1559 625 ad
1593 577 1871 626 tollendam

375 648 717 709 cognitionem
741 645 920 691 similia
945 661 1054 692 esse
1077 644 1240 691 multa
1262 644 1555 701 multorum,
1579 662 1667 692 cur
1690 661 1750 692 eo
1773 662 1873 692 non

377 716 497 760 estis
542 715 787 768 contenti,
832 715 1132 775 praesertim
1176 712 1572 759 concedentibus
1615 713 1776 768 nobis,
1821 719 1875 759 et

376 796 463 826 cur
504 779 557 826 id
598 782 766 842 potius
810 780 1117 826 contenditis
1161 779 1298 842 quod
1338 796 1507 826 rerum
1549 786 1734 826 natura
1775 795 1875 826 non

375 849 585 908 patitur,
607 853 666 894 ut
690 863 791 893 non
817 849 888 892 in1
915 863 1005 893 suo
1039 846 1262 909 quidque
1295 862 1484 909 genere
1505 849 1571 893 sit
1595 845 1699 893 tale
1726 845 1875 909 quale

378 920 456 960 est
484 930 578 960 nec
607 916 673 960 sit
699 916 750 960 in
780 913 975 960 duobus
1014 920 1104 960 aut
1138 912 1364 975 pluribus
1392 912 1530 960 nulla
1555 929 1611 960 re
1640 912 1875 960 differens

376 979 477 1026 ulla
496 984 830 1027 communitas
850 981 868 1028 ?
927 981 1003 1027 Ut
1026 983 1086 1027 si²
1111 983 1211 1027 sint
1245 987 1298 1027 et
1327 997 1422 1027 ova
1445 997 1652 1027 ovorum
1677 987 1731 1027 et
1756 995 1877 1043 apes

376 1051 546 1110 apium
570 1047 869 1105 simillimae,
895 1047 1016 1110 quid
1038 1064 1235 1111 pugnas
1258 1047 1451 1111 igitur?
1507 1048 1615 1095 Aut
1638 1047 1761 1110 quid
1782 1047 1876 1095 tibi

376 1118 448 1162 vis
483 1118 535 1161 in
571 1116 830 1179 geminis?
886 1115 1179 1161 conceditur
1217 1118 1351 1161 enim
1388 1113 1574 1161 similes
1612 1130 1740 1171 esse,
1777 1131 1877 1178 quo

376 1189 647 1229 contentus
671 1199 781 1229 esse
804 1189 1044 1245 potueras
1069 1197 1080 1237 3
1121 1189 1179 1228 tu
1204 1189 1379 1229 autem
1401 1184 1474 1228 vis
1497 1181 1703 1229 eosdem
1725 1180 1877 1245 plane

298 1258 351 1297 65
378 1265 504 1304 esse,
527 1266 628 1296 non
651 1249 854 1304 similes,
878 1249 1014 1312 quod
1037 1249 1143 1295 fieri
1166 1248 1302 1295 nullo
1324 1249 1474 1296 modo
1496 1255 1684 1312 potest.
1741 1249 1877 1296 Dein

377 1315 605 1380 confugis
640 1317 704 1364 ad
736 1315 988 1380 physicos,
1023 1332 1108 1363 eos
1143 1319 1227 1379 qui
1260 1318 1482 1363 maxime
1515 1319 1568 1362 in
1600 1316 1878 1364 Academia

375 1384 676 1440 inridentur,
704 1400 733 1430 a
759 1385 940 1447 quibus
966 1399 1031 1430 ne
1056 1390 1116 1431 tu
1142 1384 1349 1447 quidem
1373 1386 1475 1430 iam
1500 1389 1555 1431 te
1581 1384 1877 1441 abstinebis,

377 1458 431 1498 et
450 1454 521 1497 ais
543 1451 895 1498 Democritum
916 1451 1083 1498 dicere
1102 1450 1496 1498 innumerabiles
1516 1467 1626 1498 esse
1644 1451 1878 1508 mundos,

379 1524 432 1565 et
462 1518 668 1581 quidem
697 1521 766 1566 sic
796 1519 1041 1582 quosdam
1070 1521 1205 1565 inter
1232 1534 1344 1565 sese
1372 1534 1474 1565 non
1502 1517 1663 1565 solum
1692 1517 1878 1565 similes

376 1585 466 1632 sed
493 1585 718 1649 undique
746 1584 975 1648 perfecte
1010 1592 1064 1632 et
1092 1584 1322 1632 absolute
1350 1591 1517 1648 pares³
1545 1592 1605 1632 ut
1630 1588 1765 1632 inter
1792 1601 1877 1632 eos

376 1651 496 1698 nihil
521 1669 722 1715 prorsus
747 1656 949 1700 intersit
981 1651 1057 1716 [et
1090 1659 1170 1699 eo4
1195 1653 1401 1716 quidem
1425 1651 1877 1717 innumerabiles]‚⁸

375 1723 601 1782 itemque
639 1719 883 1766 homines.
958 1720 1160 1767 Deinde
1197 1719 1423 1783 postulas
1464 1726 1540 1776 ut,
1578 1722 1618 1766 si
1655 1719 1875 1766 mundus

375 1790 448 1833 ita
470 1790 534 1833 sit
556 1803 647 1849 par
671 1786 817 1834 alteri
838 1787 1028 1834 mundo
1051 1794 1109 1834 ut
1130 1790 1265 1834 inter
1287 1803 1372 1834 eos
1395 1802 1460 1833 ne
1481 1789 1746 1834 minimum
1769 1790 1876 1850 qui-

375 1854 493 1900 dem
515 1857 735 1910 intersit,
759 1855 1066 1901 concedatur
1089 1855 1182 1901 tibi
1206 1861 1265 1901 ut
1285 1857 1338 1901 in
1359 1853 1455 1901 hoc
1478 1870 1681 1918 quoque
1704 1861 1876 1901 nostro

374 1921 563 1968 mundo
591 1921 780 1985 aliquid
805 1921 951 1968 alicui
977 1925 1046 1969 sic
1072 1925 1138 1969 sit
1162 1939 1253 1985 par
1279 1929 1338 1969 ut
1362 1921 1485 1968 nihil
1511 1921 1728 1978 differat,
1753 1920 1876 1967 nihil

436 2026 454 2054 ¹
483 2041 572 2069 non
593 2030 638 2068 in
662 2028 827 2069 Halm:
861 2042 950 2069 non
972 2029 1096 2070 codd.
1308 2029 1325 2053 ²
1353 2029 1391 2069 si
1415 2027 1614 2069 Miiller:
1646 2027 1730 2068 sibi
1750 2027 1874 2069 codd.

738 2084 754 2108 ³
785 2096 913 2135 pares
940 2082 1117 2124 Christz
1150 2083 1213 2123 ita
1232 2095 1361 2135 pares
1381 2083 1504 2122 codd.

491 2136 508 2161 ⁴
538 2149 611 2176 eos
634 2137 730 2176 edd.
1326 2137 1342 2161 ⁵
1371 2137 1469 2176 secl.
1494 2135 1644 2177 Halm.

358 2222 410 2229 ’.-

421 2265 440 2285 ⁰
475 2260 533 2301 Ut
557 2274 645 2300 non
665 2259 863 2312 depends
884 2273 940 2300 on
961 2259 1069 2300 both
1086 2259 1350 2300 contenditis
1369 2259 1459 2300 and
1479 2273 1567 2300 ‘non
1582 2260 1762 2312 patitur
1778 2259 1867 2302 and

369 2314 620 2355 introduces
641 2315 745 2354 both
764 2315 822 2354 sit
844 2315 930 2354 tale
946 2315 1074 2364 quale
1094 2319 1155 2354 est
1175 2314 1262 2354 and
1281 2326 1354 2354 nec
1370 2315 1429 2354 sit
1447 2315 1547 2354 ulla
1564 2315 1865 2355 communitas.
1918 2364 1919 2368 Ἰ

369 2370 462 2409 The
504 2370 718 2409 assertion
760 2368 933 2409 refuted
974 2368 1032 2420 by
1071 2371 1226 2408 nature
1266 2370 1300 2408 is
1338 2368 1436 2408 that
1471 2369 1739 2420 uniqueness
1779 2368 1865 2407 and
1918 2374 1919 2417 ξ

370 2421 700 2475 heterogeneity
729 2435 803 2462 are
837 2427 914 2462 not
948 2422 1168 2462 universal
1199 2422 1347 2472 (nulla
1373 2435 1421 2462 re
1449 2421 1656 2474 dzfferem
1690 2421 1868 2463 renders

369 2479 595 2527 ἀδιάφορος,
625 2475 714 2516 and
742 2476 1031 2516 communitas
1068 2478 1245 2524 ἐπιμιξία
1274 2488 1324 2516 01·
1355 2478 1655 2528 ἀπαραλλαξία,
1691 2474 1869 2516 ‘urdis-

369 2529 800 2581 tinguishableness,’
819 2529 876 2582 cf.
899 2535 917 2578 ἓ
939 2532 1026 2575 34).

379 2592 473 2640 536
