1919 3006
961 221 1213 270 CICERO

340 349 583 397 Heracliti
614 353 911 397 memoriam
939 350 1211 412 implorans
1241 366 1486 414 quaerere
1516 366 1580 398 ex
1609 366 1671 399 eo
1694 351 1833 399 vide-

339 425 583 465 renturne
615 417 700 464 illa
733 416 954 464 Philonis
985 425 1074 464 aut
1104 434 1165 465 ea
1193 435 1316 465 num
1348 418 1427 465 vel
1457 434 1485 465 e
1515 417 1725 466 Philone
1754 418 1834 466 vel

342 502 405 532 ex
435 485 535 532 ullo
565 485 872 532 Academico
902 486 1176 532 audivisset
1205 484 1492 548 aliquando.
1561 485 1834 550 Negabat3

342 552 562 600 Philonis
591 560 766 600 tamen
796 555 1039 615 scriptum
1069 554 1396 616 agnoscebat,
1425 569 1519 599 nec
1546 554 1599 600 id
1628 554 1834 617 quidem

342 621 563 667 dubitari
594 627 816 683 poterat,
848 636 967 666 nam
1000 620 1214 667 aderant
1244 624 1345 667 mei
1377 619 1667 677 familiares,
1698 621 1835 668 docti

342 686 589 744 homines,
615 687 669 734 P.
700 695 754 734 et
779 687 833 734 C.
862 686 980 733 Selii
1007 694 1062 735 et
1093 687 1330 735 Tetrilius
1363 687 1535 751 Bogus
1560 691 1646 751 qui
1671 704 1725 735 se
1751 687 1836 734 illa

344 755 592 802 audivisse
621 754 813 801 Romae
842 755 906 802 de
936 754 1147 802 Philone
1176 762 1230 802 et
1258 756 1322 802 ab
1351 771 1411 802 eo
1437 759 1547 818 ipso
1573 754 1682 802 illos
1710 755 1836 802 duos

268 830 319 872 12
343 822 493 870 libros
529 823 758 870 dicerent
793 823 1129 884 descripsisse.
1196 822 1327 869 Tum
1363 829 1418 870 et
1449 822 1535 869 illa
1567 823 1699 870 dixit
1731 823 1837 869 An-

343 888 539 937 tiochus
564 906 695 953 quae
719 888 827 936 heri
852 889 1062 936 Catulus
1086 893 1501 937 commemoravit
1525 907 1554 936 a
1575 896 1722 952 patre
1746 905 1836 937 suo

342 957 480 1004 dicta
501 955 716 1004 Philonil
743 963 797 1004 et
819 956 917 1003 alia
939 956 1101 1019 plura,
1125 973 1219 1004 nec
1241 973 1295 1004 se
1319 960 1488 1004 tenuit
1516 960 1638 1020 quin
1660 963 1837 1004 contra

341 1041 489 1071 suum
528 1025 789 1072 doctorem
823 1023 1007 1071 librum
1043 1027 1199 1071 etiam
1237 1025 1415 1072 ederet
1451 1027 1536 1088 qui
1577 1023 1727 1071 Sosus
1763 1027 1837 1070 in-

342 1092 589 1139 scribitur.
658 1092 788 1138 Tum
823 1095 979 1156 igitur
1014 1108 1130 1139 cum
1167 1099 1221 1139 et
1257 1091 1575 1139 Heraclitum
1609 1091 1836 1139 studiose

343 1160 571 1206 audirem
623 1166 800 1206 contra
851 1158 1163 1206 Antiochum
1215 1160 1552 1206 disserentem
1604 1165 1660 1206 et
1709 1162 1834 1206 item

341 1225 653 1274 Antiochum
667 1234 844 1274 contra
859 1227 1209 1282 Academicos,
1225 1227 1344 1274 dedi
1359 1225 1613 1274 Antiocho
1629 1241 1836 1288 operam

343 1293 653 1358 diligentius,
695 1301 754 1341 ut
796 1311 999 1342 causam
1044 1311 1107 1341 ex
1151 1310 1211 1341 eo
1253 1301 1419 1341 totam
1460 1309 1834 1358 cognoscerem.

344 1360 527 1425 Itaque
574 1361 856 1424 complures
907 1362 1014 1409 dies
1065 1360 1293 1409 adhibito
1343 1360 1604 1408 Heraclito
1654 1361 1837 1408 doctis-

343 1445 443 1492 que
480 1429 819 1492 compluribus
849 1436 903 1476 et
934 1432 986 1475 in
1020 1432 1078 1476 iis
1107 1427 1346 1476 Antiochi
1381 1427 1538 1476 fratre
1575 1429 1747 1475 Aristo
1783 1434 1838 1474 et

342 1503 611 1559 praeterea
664 1497 903 1543 Aristone
938 1504 991 1543 et
1022 1496 1207 1553 Dione,
1231 1497 1413 1560 quibus
1442 1496 1525 1543 ille
1558 1495 1837 1543 secundum

341 1563 554 1611 fratrem
599 1563 872 1627 plurimum
919 1565 1198 1620 tribuebat,
1237 1563 1457 1611 multum
1503 1566 1746 1626 temporis
1785 1565 1837 1608 in

341 1633 442 1678 ista
478 1648 579 1678 una
616 1632 962 1695 disputatione
1000 1635 1415 1694 consumpsimus.
1483 1629 1586 1678 Sed
1623 1646 1685 1677 ea
1721 1645 1837 1693 pars

343 1714 475 1761 quae
525 1706 702 1746 contra
751 1698 1015 1746 Philonem
1067 1706 1178 1746 erat
1227 1697 1691 1762 praetermittenda
1740 1703 1836 1752 est,

343 1769 507 1813 minus
531 1769 667 1813 enim
690 1782 805 1813 acer
829 1773 907 1814 est
931 1766 1244 1813 adversarius
1266 1769 1308 1813 is
1332 1768 1418 1829 qui
1440 1769 1540 1813 ista
1563 1780 1695 1829 quae
1717 1770 1838 1812 sunt

343 1831 452 1880 heri
479 1833 691 1880 defensa
716 1841 874 1898 negat
900 1834 1233 1882 Academicos
1260 1837 1464 1881 omnino
1491 1833 1695 1890 dicere3
1739 1833 1835 1879 etsi

875 1951 892 1976 ¹
922 1950 1133 2005 [Philoni]
1154 1953 1175 1993 ?
1192 1950 1324 1993 Reid.

397 2102 418 2124 ⁸
445 2097 530 2144 i.e.‚
553 2096 627 2138 the
648 2097 759 2138 New
781 2096 1028 2150 Academy,
1050 2109 1098 2137 as
1120 2101 1139 2145 ἓ
1164 2099 1213 2138 12
1225 2097 1309 2148 fin.

403 2151 420 2177 δ
451 2152 592 2192 These
613 2164 793 2204 persons
813 2165 887 2191 are
909 2151 1139 2192 otherwise
1158 2151 1402 2192 unknown.

407 2211 421 2230 θ
451 2207 536 2254 ale„
562 2210 609 2246 at
640 2205 715 2246 the
740 2205 986 2258 beginning
1019 2206 1069 2245 of
1097 2206 1171 2246 the
1204 2204 1289 2245 lost
1323 2204 1451 2245 Book
1487 2204 1522 2246 Ι.
1557 2204 1608 2246 of
1635 2204 1710 2245 the
1741 2203 1837 2244 first

346 2259 511 2299 edition
539 2259 588 2299 of
610 2259 902 2304 Academica:
947 2261 991 2299 in
1019 2259 1094 2300 the
1119 2259 1281 2299 second
1307 2259 1473 2300 edition
1500 2259 1575 2299 the
1600 2259 1720 2311 topic
1745 2270 1836 2299 was

346 2313 612 2354 transferred
631 2317 677 2354 to
698 2312 851 2354 Cicero
870 2312 961 2354 and
981 2312 1194 2365 occupied
1213 2313 1289 2353 the
1308 2312 1393 2353 lost
1415 2311 1543 2353 Book
1565 2311 1627 2354 ΙΙ.

402 2368 421 2392 ‘¹
451 2367 601 2415 Sosus,
619 2366 710 2407 like
727 2367 976 2408 Antiochus
994 2380 1021 2407 a
1040 2369 1187 2407 native
1205 2366 1254 2407 of
1269 2366 1478 2415 Ascalon,
1495 2379 1637 2408 seems
1654 2369 1701 2406 to
1723 2365 1836 2407 have

345 2435 462 2474 gone
483 2435 586 2462 over
604 2420 721 2461 from
741 2421 816 2462 the
838 2420 1069 2473 Academy
1089 2424 1136 2462 to
1157 2420 1377 2462 Stoicism.

402 2481 421 2556 ;
450 2476 536 2570 ga,
551 2474 726 2570 {vqessnna
744 2488 861 2528 copy
875 2476 911 2516 is
933 2474 1078 2523 made,
1094 2475 1192 2515 that
1211 2476 1247 2516 is
1268 2475 1343 2516 the
1363 2487 1495 2515 name
1515 2474 1686 2515 written
1708 2485 1766 2514 on
1785 2473 1834 2514 it.

402 2588 420 2611 ⁰
451 2583 536 2631 i.e.,
556 2581 620 2636 by
643 2581 842 2631 Catulus,
865 2584 910 2623 in
941 2583 1013 2623 the
1039 2582 1123 2623 lost
1150 2581 1278 2624 Book
1308 2581 1344 2624 1.
1365 2582 1418 2624 of
1440 2581 1515 2624 the
1537 2580 1634 2622 first
1654 2579 1836 2628 edition.

347 2653 443 2696 480
