1853 3001
881 211 1131 260 CICERO

260 356 316 388 se
333 343 433 387 vim
451 340 642 398 caloris,
661 346 768 389 sine
787 359 887 406 qua
904 360 1071 406 neque
1090 343 1155 389 ali
1171 350 1380 406 possent
1396 358 1491 390 nec
1507 357 1751 401 crescere3

261 428 379 458 nam
421 429 570 459 omne
612 414 748 476 quod
791 420 869 460 est
905 414 1123 461 calidum
1165 421 1219 461 et
1253 417 1462 478 igneum
1497 417 1660 460 cietur
1696 419 1751 459 et

262 487 430 547 agitur
453 490 598 531 motu
622 500 711 531 suo
735 499 747 540 3
790 485 927 547 quod
951 492 1124 532 autem
1151 485 1300 531 alitur
1325 492 1379 532 et
1403 487 1581 531 crescit
1604 490 1748 530 motu

262 556 483 617 quodam
522 558 684 602 utitur
723 563 862 602 certo
904 562 958 604 et
998 556 1284 619 aequabili3
1343 559 1429 620 qui
1469 572 1622 620 quam
1661 556 1748 602 diu

260 632 493 672 remanet
526 628 580 672 in
615 627 756 673 nobis
793 635 900 673 tam
937 628 1023 674 diu
1059 644 1233 675 sensus
1270 635 1324 675 et
1359 631 1464 675 vita
1496 633 1747 683 remanet,

259 697 558 762 refrigerato
594 705 768 745 autem
804 706 857 745 et
892 703 1118 746 extincto
1153 699 1316 747 calore
1350 700 1620 748 occidimus
1652 698 1748 762 ipsi

182 777 237 817 24
260 777 315 817 et
344 773 702 834 extinguimur.
772 771 922 830 Quod
951 772 1157 834 quidem
1187 770 1458 819 Cleanthes
1486 771 1564 819 his
1593 775 1750 819 etiam

260 845 572 905 argumentis
611 843 777 898 docet,
816 850 1007 906 quanta
1046 846 1117 889 vis
1154 845 1274 889 insit
1311 842 1486 889 caloris
1523 846 1576 889 in
1613 845 1749 889 omni

259 929 497 975 corpore:
530 921 687 977 negat
720 917 855 960 enim
888 931 997 960 esse
1030 913 1186 960 ullum
1219 915 1386 961 cibum
1411 921 1519 960 tam
1542 930 1750 978 gravem

261 988 383 1048 quin
416 988 457 1032 is
493 993 643 1032 nocte
681 993 734 1033 et
770 987 852 1033 die
888 992 1265 1050 concoquatur3
1326 988 1466 1032 cuius
1503 989 1659 1032 etiam
1697 988 1750 1032 in

259 1057 481 1120 reliquiis
512 1061 665 1104 inest1
690 1057 823 1104 calor
853 1061 911 1105 iis
947 1074 1071 1121 quas
1097 1065 1279 1105 natura
1302 1060 1568 1121 respuerit.
1640 1056 1750 1104 Iam

261 1145 379 1175 vero
421 1145 581 1175 venae
625 1135 679 1175 et
715 1131 931 1175 arteriae
974 1132 1160 1175 micare
1196 1146 1298 1176 non
1333 1130 1572 1177 desinunt
1607 1126 1751 1192 quasi

261 1201 482 1263 quodam
528 1203 678 1264 igneo
725 1207 886 1256 motu,
926 1202 1432 1264 animadversumque
1479 1217 1632 1264 saepe
1673 1207 1753 1247 est

261 1288 376 1318 cum
401 1288 484 1318 cor
512 1275 780 1318 animantis
807 1271 1012 1318 alicuius
1039 1271 1262 1319 evolsum
1284 1275 1357 1318 ita
1375 1272 1630 1319 mobiliter
1647 1270 1753 1334 pal-

262 1346 453 1405 pitaret
493 1350 552 1390 ut
592 1346 878 1389 imitaretur
917 1347 1122 1407 igneam
1168 1343 1499 1390 celeritatem.
1585 1342 1752 1390 Omne

261 1417 418 1478 igitur
455 1415 590 1477 quod
622 1417 761 1470 vivit,
786 1417 890 1460 sive
928 1414 1114 1460 animal
1150 1418 1254 1461 sive
1290 1422 1428 1462 terra
1465 1415 1677 1470 editum,
1700 1415 1754 1462 id

263 1489 385 1532 vivit
399 1492 608 1548 propter
622 1486 868 1532 inclusum
883 1489 935 1531 in
952 1502 1011 1532 eo
1031 1485 1263 1532 calorem.
1313 1487 1392 1533 Ex
1409 1503 1508 1550 quo
1523 1485 1753 1550 intellegi

263 1557 421 1604 debet
448 1573 561 1603 eam
586 1556 761 1604 caloris
787 1565 1023 1604 naturam
1048 1560 1149 1603 vim
1174 1556 1363 1604 habere
1387 1561 1440 1604 in
1466 1574 1521 1605 se
1546 1557 1753 1605 vitalem

264 1644 356 1691 per
377 1644 580 1675 omnem
601 1627 848 1675 mundum
869 1632 1230 1691 pertinentem.

184 1702 240 1746 25
331 1698 556 1762 “Atque
610 1700 662 1747 id
716 1699 908 1747 facilius
963 1716 1226 1748 cernemus
1267 1706 1379 1747 toto
1421 1715 1611 1763 genere
1661 1698 1755 1747 hoc

265 1774 416 1834 igneo
437 1772 572 1834 quod
597 1778 769 1819 tranat
793 1776 961 1819 omnia
985 1772 1215 1820 subtilius
1236 1771 1501 1834 explicato.
1563 1770 1754 1819 Omnes

263 1845 419 1906 igitur
443 1850 614 1906 partes
641 1844 816 1891 mundi
842 1844 1073 1907 (tangam
1099 1850 1273 1890 autem
1297 1842 1564 1906 maximas)
1589 1841 1753 1889 calore

263 1912 424 1961 fultae
451 1918 778 1961 sustinentur.
849 1914 998 1972 Quod
1022 1918 1241 1978 primum
1266 1917 1318 1961 in
1343 1921 1547 1961 terrena
1572 1921 1755 1960 natura

265 1988 481 2048 perspici
523 1991 710 2048 potest.
780 1985 911 2031 Nam
956 1992 1010 2032 et
1052 1986 1277 2049 lapidum
1319 1985 1555 2032 conflictu
1597 1991 1754 2048 atque

265 2059 391 2102 tritu
417 2056 526 2103 elici
550 2060 723 2120 ignem
744 2057 971 2104 videmus
1006 2064 1059 2104 et
1082 2061 1276 2105 recenti
1296 2056 1513 2104 fossione
1535 2056 1546 2073 ‘
1564 2063 1753 2103 terram

263 2125 460 2174 fumare
508 2128 795 2184 calentem,'
837 2136 992 2192 atque
1041 2132 1197 2175 etiam
1245 2145 1308 2175 ex
1347 2131 1515 2192 puteis
1553 2129 1754 2192 iugibus

264 2214 449 2261 aquam
478 2199 691 2246 calidam
718 2198 869 2257 trahi,
898 2207 952 2247 et
978 2200 1031 2246 id
1058 2203 1278 2246 maxime
1307 2199 1414 2246 fieri
1441 2199 1753 2262 temporibus

264 2267 504 2326 hibernis,
526 2271 663 2334 quod
682 2287 868 2334 magna
889 2273 959 2317 vis
980 2277 1148 2317 terrae
1169 2273 1392 2317 cavernis
1413 2273 1751 2317 contineatur²

424 2388 442 2415 ¹
471 2390 574 2429 insit
595 2388 829 2441 Heindorf.
1161 2388 1179 2414 ¹
1206 2389 1454 2430 continetur
1474 2389 1576 2430 dett.

320 2519 340 2538 ⁴²
373 2514 422 2554 M
428 2529 537 2567 ayor
549 2515 749 2556 detected
765 2515 867 2556 here
888 2529 915 2556 a
929 2516 1303 2568 verse-quotation
1315 2516 1431 2556 from
1444 2528 1502 2556 an
1522 2513 1751 2557 unknown

263 2580 430 2609 source.

273 2632 365 2680 146
