1853 3001
812 223 1064 272 CICERO

190 356 306 417 Quo
348 355 556 421 quidem
597 353 707 402 loco
749 354 1059 401 convocandi
1099 370 1276 401 omnes
1319 353 1557 401 videntur
1598 360 1683 418 qui

190 450 323 499 quae
363 437 430 481 sit
471 449 645 480 earum
687 448 807 478 vera
845 432 1104 488 iudicent3
1161 438 1274 478 tum
1314 431 1522 478 demum
1561 430 1684 478 mihi

190 515 398 576 procax²
448 510 729 557 Academia
779 509 1051 565 videbitur,
1097 511 1138 556 si
1198 515 1289 555 aut
1339 510 1687 556 consenserint

191 605 366 638 omnes
401 595 491 635 aut
525 590 622 634 erit
652 590 890 633 inventus
925 585 1103 649 aliquis
1138 588 1224 649 qui
1258 585 1381 649 quid
1413 598 1589 633 verum
1622 585 1688 632 sit

190 668 457 715 invenerit.
528 663 712 728 Itaque
739 663 862 710 mihi
888 663 1015 710 libet
1043 662 1328 710 exclamare
1360 668 1420 711 ut
1444 665 1517 710 ἰῐιΞ
1544 661 1689 727 Syne-

186 740 351 810 phebis
374 759 385 790 :

262 832 352 925 prsg
370 829 520 878 deum,
549 828 834 882 popularium
873 828 1089 877 omnium,
1132 826 1399 873 <omnium>⁸
1432 826 1688 868 adulescen-

342 898 435 925 ium

263 938 407 980 clamo
426 936 602 991 postulo
624 936 805 977 obsecro
826 949 902 977 oro
923 935 1049 988 ploro
1070 939 1204 988 atque
1226 935 1399 988 inploro
1417 934 1553 976 fidem

195 1032 297 1064 non
314 1013 585 1061 levissuma
609 1012 673 1060 de
697 1028 771 1068 re,
790 1018 849 1059 ut
868 1015 1097 1075 queritur
1115 1010 1198 1058 ille
1218 1019 1229 1039 ⁵
1248 1014 1301 1057 in
1325 1014 1531 1058 civitate
1555 1009 1566 1026 '
1583 1009 1691 1056 fieri

196 1101 209 1122 ‘
226 1092 450 1139 facinora
470 1088 708 1153 capitalia
726 1088 799 1124 ’—

263 1179 322 1220 ab
342 1179 486 1219 amico
507 1180 686 1218 amante
706 1179 943 1229 argentum
964 1177 1163 1228 accipere
1185 1176 1391 1216 meretrix
1411 1187 1501 1215 non
1521 1173 1630 1222 vult,

119 1264 171 1305 14
194 1255 286 1304 sed
327 1259 387 1301 ut
429 1253 598 1300 adsint
639 1257 948 1316 cognoscant
991 1251 1418 1307 animadvertant,
1461 1250 1583 1314 quid
1625 1247 1690 1296 de

193 1326 438 1397 religione
487 1333 686 1394 pietate
736 1332 1012 1376 sanctitate
1064 1329 1379 1375 caerimoniis
1432 1327 1531 1375 fide
1582 1329 1690 1373 iure

193 1409 424 1466 iurando,
441 1407 565 1472 quid
581 1407 646 1455 de
662 1406 867 1470 templis
886 1404 1107 1454 delubris
1125 1403 1478 1469 sacrificiisque
1495 1403 1691 1452 sollem-

194 1489 360 1544 nibus,
392 1486 515 1550 quid
546 1485 611 1533 de
641 1487 762 1548 ipsis
795 1487 1027 1547 auspiciis
1059 1484 1241 1548 quibus
1274 1500 1364 1530 nos
1394 1497 1692 1546 praesumus

196 1564 592 1614 existimandum
622 1565 688 1609 sit
717 1561 866 1626 (haec
897 1565 1033 1608 enim
1063 1564 1234 1609 omnia
1265 1561 1330 1609 ad
1359 1559 1490 1606 hanc
1520 1560 1585 1606 de
1617 1559 1692 1605 dis

194 1641 546 1690 inmortalibus
572 1642 925 1704 quaestionem
950 1637 1221 1686 referenda
1245 1637 1384 1701 sunt)
1410 1653 1420 1683 ε
1464 1634 1693 1700 profecto

197 1733 283 1769 eos
326 1722 460 1783 ipsos
507 1720 594 1782 qui
639 1733 694 1765 se
740 1716 931 1781 aliquid
976 1719 1102 1764 certi
1146 1714 1337 1763 habere
1384 1715 1695 1761 arbitrantur

197 1798 500 1846 addubitare
516 1802 668 1859 coget
683 1794 1088 1842 doctissimorum
1102 1792 1364 1840 hominum
1377 1791 1441 1839 de
1453 1802 1694 1838 maxuma

196 1893 252 1925 re
274 1882 423 1923 tanta
444 1874 703 1921 dissensio.

122 1963 173 2003 15
262 1952 413 2012 Quod
445 1968 561 1998 cum
594 1966 748 2012 saepe
784 1949 923 2005 alias,
957 1955 1069 1995 tum
1102 1950 1325 1994 maxime
1360 1945 1694 1993 animadverti

197 2049 313 2080 cum
334 2030 472 2093 apud
492 2029 548 2076 C.
572 2028 779 2075 Cottam
800 2026 1101 2073 familiarem
1121 2041 1294 2072 meum
1315 2030 1551 2071 accurate
1571 2038 1693 2070 sane

199 2117 254 2157 et
296 2107 570 2171 diligenter
613 2106 677 2152 de
722 2105 797 2151 dis
841 2102 1192 2150 inmortalibus
1237 2103 1554 2165 disputatum
1599 2106 1693 2146 est.

199 2187 331 2234 Nam
353 2201 469 2232 cum
493 2183 630 2230 feriis
655 2182 850 2229 Latinis
876 2181 941 2228 ad
966 2197 1083 2228 eum
1105 2183 1260 2243 ipsius
1283 2185 1468 2243 rogatu
1492 2179 1696 2224 arcessi-

260 2283 277 2308 ¹
306 2282 510 2335 pervicax
531 2278 660 2320 Reid.

265 2332 282 2360 ¹
311 2340 360 2377 ut
386 2334 554 2376 Statius
582 2335 626 2373 in
655 2332 756 2373 dett.
779 2347 789 2373 ε
821 2335 871 2372 ut
896 2335 962 2372 est
988 2333 1047 2379 in,
1072 2334 1121 2371 ut
1148 2329 1219 2371 ille
1246 2331 1290 2369 in
1317 2328 1431 2377 edd„
1455 2323 1530 2370 sed
1555 2326 1695 2368 nescio

203 2405 262 2432 an
278 2401 488 2443 personae
506 2400 659 2428 ‘nomen
680 2386 898 2427 exciderit.
1193 2384 1210 2408 ⁸
1241 2384 1345 2424 add.
1371 2381 1618 2423 Manutius.

261 2483 281 2503 ⁸
313 2478 352 2518 A
376 2476 481 2530 play
504 2477 554 2516 of
572 2474 788 2516 Caecilius
811 2473 979 2515 Statius
1000 2470 1241 2513 translated
1263 2471 1378 2511 from
1404 2468 1665 2510 Menander.

204 2588 250 2627 in
265 2530 465 2627 ⁸53C¹i³cgro
491 2542 580 2570 was
605 2527 771 2569 elected
796 2541 823 2568 a
849 2527 1046 2568 member
1070 2526 1121 2567 of
1140 2525 1215 2566 the
1240 2523 1419 2577 College
1443 2524 1494 2565 of
1514 2524 1695 2576 Augurs

211 2648 271 2699 16
