1919 3006
963 196 1215 246 CICERO

346 322 507 371 mulas
525 341 634 372 esse
652 328 806 381 visas;
835 328 1081 388 opinionis
1102 328 1237 372 enim
1257 342 1366 373 esse
1385 327 1724 383 mendacium,
1738 344 1837 374 non

347 391 618 439 oculorum.
683 393 838 451 Quasi
859 401 1134 456 quaeratur
1153 394 1275 456 quid
1302 397 1384 449 sit,
1403 411 1504 441 non
1532 394 1655 458 quid
1672 394 1839 442 videa-

347 459 463 506 tur!
523 458 598 506 Sit
633 458 713 507 hic
747 460 952 523 quidem
976 464 1222 507 maiorum
1255 460 1461 517 similis3
1503 468 1563 508 tu
1593 478 1730 518 vero,
1755 464 1840 525 qui

348 529 454 573 visa
486 528 712 574 sensibus
748 527 844 573 alia
876 543 996 574 vera
1028 528 1162 575 dicas
1197 544 1324 584 esse,
1358 528 1456 575 alia
1485 527 1628 585 falsa,
1661 532 1748 592 qui
1780 545 1842 576 ea

349 593 656 658 distinguis?
721 595 790 641 Et
826 595 1037 651 desine,1
1071 612 1276 658 quaeso,
1308 597 1656 643 communibus
1686 595 1841 651 locis;

350 661 484 707 domi
535 662 676 708 nobis
729 665 828 708 ista
879 663 1186 709 nascuntur!
1267 662 1335 718 Si,
1381 666 1564 726 inquis,
1611 663 1735 710 deus
1787 669 1842 710 te

350 730 633 792 interroget
685 732 817 776 sanis
870 729 1019 776 modo
1074 737 1127 776 et
1178 733 1389 793 integris
1442 731 1670 777 sensibus
1723 747 1843 776 num

351 794 564 857 amplius
600 796 721 858 quid
755 796 1028 852 desideres,
1064 797 1185 860 quid
1218 797 1566 860 respondeas?
1634 797 1846 844 Utinam

351 862 558 925 quidem
590 864 770 926 roget!
826 864 1044 910 audiret²
1079 881 1231 927 quam
1272 865 1532 911 nobiscum
1564 863 1696 910 male
1732 880 1847 928 age-

350 936 432 976 ret
455 930 464 976 1
524 929 598 977 Ut
624 933 758 976 enim
782 947 901 976 vera
925 932 1202 987 videamus,
1228 948 1380 994 quam
1403 930 1554 995 longe
1578 931 1806 978 videmus
1829 932 1847 977 ?

350 996 462 1060 Ego
485 996 652 1044 Catuli
675 997 959 1044 Cumanum
984 1014 1045 1045 ex
1075 997 1169 1045 hoc
1190 997 1298 1045 loco
1322 1015 1471 1045 cerno
1495 1005 1549 1045 et
1572 1015 1599 1045 e
1621 1002 1848 1062 regione³

353 1064 516 1119 video,
535 1063 900 1127 Pompeianum
918 1082 1018 1111 non
1037 1082 1203 1121 cerno,
1221 1082 1388 1128 neque
1408 1068 1678 1129 quicquam
1694 1069 1849 1112 inter-

352 1133 542 1178 iectum
584 1139 662 1179 est
703 1133 839 1196 quod
883 1133 1071 1188 obstet,
1109 1133 1199 1180 sed
1237 1133 1434 1180 intendi
1476 1136 1606 1180 acies
1651 1132 1848 1196 longius

352 1214 454 1245 non
493 1205 679 1261 potest.
751 1199 796 1247 O
833 1199 1146 1262 praeclarum
1181 1201 1539 1263 prospectum!
1611 1199 1848 1247 Puteolos

344 1266 590 1322 videmus,
655 1273 709 1314 at
777 1265 1076 1314 familiarem
1146 1274 1373 1315 nostrum
1441 1266 1496 1314 C.
1578 1267 1848 1314 Avianium

351 1332 566 1380 fortasse
602 1337 654 1380 in
688 1337 886 1396 porticu
923 1334 1148 1396 Neptuni
1187 1334 1535 1381 ambulantem
1576 1351 1676 1381 non
1712 1333 1849 1381 vide·

278 1408 326 1448 81
354 1416 495 1455 mus3
533 1408 586 1448 at
613 1400 696 1447 ille
733 1405 901 1448 nescio
930 1405 1013 1465 qui
1044 1405 1127 1464 qui
1156 1404 1209 1448 in
1236 1401 1414 1448 scholis
1442 1404 1688 1448 nominari
1717 1400 1849 1448 solet

354 1467 489 1514 mille
533 1474 587 1515 et
633 1472 929 1532 octingenta
971 1470 1135 1515 stadia
1182 1469 1316 1533 quod
1365 1469 1566 1516 abesset
1610 1469 1847 1516 videbat:

355 1535 607 1598 quaedam
667 1535 892 1583 volucres
951 1535 1162 1600 longius.
1256 1536 1636 1598 Responderem
1693 1538 1850 1599 igitur

355 1603 597 1649 audacter
622 1606 703 1649 isti
731 1610 898 1650 vestro
925 1604 1021 1650 deo
1047 1620 1129 1649 me
1155 1602 1305 1666 plane
1331 1602 1407 1650 his
1433 1602 1586 1650 oculis
1612 1619 1713 1649 non
1740 1618 1850 1649 esse

355 1677 667 1717 contentum.
727 1671 879 1717 Dicet
901 1687 983 1716 me
1008 1674 1166 1717 acrius
1190 1671 1360 1717 videre
1384 1687 1536 1733 quam
1559 1669 1666 1716 illos
1688 1672 1850 1732 pisces

355 1735 568 1783 fortasse
598 1741 683 1800 qui
713 1754 879 1800 neque
909 1739 1144 1784 videntur
1173 1754 1202 1783 a
1229 1739 1372 1784 nobis
1402 1744 1456 1784 et
1483 1754 1616 1783 nunc
1644 1737 1850 1799 quidem

353 1805 446 1850 sub
487 1804 638 1851 oculis
679 1812 796 1852 sunt
835 1821 1001 1868 neque
1047 1807 1141 1867 ipsi
1185 1821 1274 1851 nos
1314 1807 1566 1867 suspicere
1605 1809 1850 1866 possunt;

356 1886 476 1935 ergo
517 1879 574 1919 ut
612 1871 705 1918 illis
746 1888 893 1935 aqua,
919 1876 987 1919 sic
1026 1873 1169 1919 nobis
1209 1877 1295 1918 ae'r
1333 1888 1524 1919 crassus
1560 1870 1848 1918 offunditur.

563 2000 579 2026 ¹
611 2000 698 2042 Sed
720 2000 989 2079 desine-edd.
1011 2000 1193 2064 (Desine
1214 2000 1282 2040 vel
1297 2000 1476 2064 *Desiste
1495 1999 1644 2051 Reid).

665 2109 682 2134 ε
712 2053 1562 2160 et{322522152‘23255’5223355530232212.

416 2240 433 2259 ⁶
465 2234 755 2287 Presumably
795 2248 822 2274 a
862 2233 1014 2287 public
1054 2238 1192 2275 resort
1230 2238 1278 2274 at
1319 2232 1505 2281 Puteoli,
1542 2231 1617 2273 the
1660 2231 1843 2272 modern

362 2289 581 2331 Pozzuoli.

407 2344 423 2367 ⁶
455 2344 598 2391 Pan,
619 2343 725 2384 Nat.
759 2342 877 2384 Hisc.
908 2343 982 2384 vii.
1008 2345 1077 2390 85,
1102 2344 1275 2394 repeat*
1303 2340 1392 2382 this
1420 2339 1692 2392 astounding
1719 2342 1842 2390 story

353 2410 410 2438 on
445 2387 635 2437 Cicero's
670 2396 910 2449 authority,
946 2395 1163 2448 although
1202 2394 1257 2436 he
1293 2397 1415 2448 gives
1453 2394 1527 2435 the
1564 2393 1763 2434 distance
1793 2404 1842 2433 as

358 2454 539 2498 135‚000
560 2464 714 2503 paces;
746 2451 833 2491 and
856 2450 909 2491 he
930 2454 1085 2502 quotes
1106 2449 1220 2489 from
1238 2449 1381 2489 Varro
1400 2447 1498 2488 that
1516 2447 1590 2488 the
1610 2446 1843 2498 telescopic

354 2505 550 2557 person's
585 2517 714 2545 name
745 2518 833 2544 was
868 2504 1044 2551 Strabo,
1079 2502 1166 2542 and
1197 2502 1295 2543 that
1326 2503 1443 2542 from
1481 2501 1764 2554 Libybaeum
1798 2501 1841 2540 in

354 2558 491 2611 Sicily
512 2558 565 2599 he
586 2572 675 2598 saw
696 2558 769 2599 the
792 2558 931 2598 Punic
950 2558 1050 2598 fleet
1070 2557 1151 2598 sail
1171 2558 1286 2597 from
1306 2555 1544 2609 Carthage.

361 2621 454 2670 568
