1853 3001
860 207 1113 256 CICERO

239 334 321 384 vel
368 352 545 384 somno
595 335 677 384 vel
724 336 976 384 oblivione
1025 336 1106 384 vel
1154 343 1416 385 vetustate
1465 336 1737 393 delentur3

240 403 525 467 eademque
553 404 617 450 de
644 404 910 459 sideribus,
938 420 1069 467 quae
1097 403 1406 467 reprehensa
1431 407 1484 451 in
1511 404 1609 451 alio
1634 407 1736 450 iam

162 476 217 517 29
238 472 291 516 in
323 469 418 518 hoc
449 474 768 518 omittantur.
837 471 958 518 XII.
996 471 1331 533 Empedocles
1369 478 1544 518 autem
1575 471 1737 518 multa

241 536 339 583 alia
366 554 581 599 peccans
609 541 661 584 in
691 539 903 585 deorum
931 541 1168 601 opinione
1196 542 1503 601 turpissume
1531 537 1734 585 labitur.

242 603 499 662 Quattuor
540 608 676 651 enim
716 613 924 652 naturas
967 622 1030 652 ex
1072 606 1254 669 quibus
1295 609 1465 652 omnia
1503 613 1737 652 constare

241 679 418 718 censet
453 673 645 719 divinas
676 689 786 719 esse
815 672 958 728 vult3
1006 690 1130 736 quas
1161 680 1215 720 et
1250 676 1387 720 nasci
1416 680 1471 720 et
1505 675 1737 736 extingui

241 742 564 800 perspicuum
610 746 689 787 est
734 747 789 786 et
833 756 985 787 sensu
1029 743 1165 787 omni
1210 756 1397 787 carere.
1466 739 1574 787 Nec
1617 756 1738 786 vero

243 804 564 869 Protagoras,
600 809 686 869 qui
721 823 833 854 sese
869 814 1028 870 negat
1063 810 1267 854 omnino
1302 808 1367 854 de
1404 807 1511 854 deis
1547 806 1737 853 habere

243 873 380 935 quod
409 873 621 936 liqueat,
652 876 754 920 sint
783 891 885 920 non
915 878 1017 920 sint
1048 874 1286 937 qualesve
1316 877 1435 929 sint,
1466 877 1737 937 quicquam

243 940 445 986 videtur
463 941 527 987 de
547 947 732 987 natura
750 941 962 988 deorum
981 944 1236 1003 suspicari.
1304 941 1441 1000 Quid
1462 941 1481 987 ?
1548 940 1739 987 Demo-

243 1009 416 1063 critus,
459 1010 546 1071 qui
587 1014 701 1054 tum
741 1011 990 1072 imagines
1034 1025 1312 1071 earumque
1353 1011 1643 1055 circumitus
1684 1011 1738 1053 in

243 1073 456 1120 deorum
489 1081 778 1122 numerum²
805 1075 981 1131 refert,
1012 1082 1125 1122 tum
1159 1075 1297 1122 illam
1332 1082 1569 1122 naturam
1606 1090 1739 1138 quae

242 1142 491 1204 imagines
527 1141 712 1189 fundat
752 1159 811 1190 ac
844 1146 1039 1198 mittat,
1074 1151 1186 1190 tum
1221 1146 1506 1189 scientiam2
1541 1141 1741 1189 intelle-

243 1211 577 1272 gentiamque
609 1217 853 1266 nostram,
886 1226 1055 1257 nonne
1087 1213 1141 1256 in
1173 1213 1395 1257 maximo
1429 1226 1596 1257 errore
1630 1225 1740 1255 ver-

245 1276 427 1323 satur?
487 1293 603 1323 cum
642 1278 781 1324 idem
821 1281 1044 1334 omnino,
1085 1280 1204 1341 quia
1244 1276 1368 1323 nihil
1407 1293 1609 1339 semper
1649 1292 1740 1323 suo

246 1348 388 1389 statu
422 1351 648 1400 maneat,
684 1351 862 1408 negat—“2
900 1361 1010 1392 esse
1049 1349 1319 1408 quicquam
1354 1347 1740 1407 sempiternum,

247 1425 416 1457 nonne
448 1411 602 1457 deum
634 1415 837 1458 omnino
868 1415 943 1459 ita
973 1411 1108 1459 tollit
1139 1419 1198 1459 ut
1229 1411 1419 1459 nullam
1451 1414 1739 1474 opinionem

247 1479 354 1524 eius
395 1477 644 1541 reliquam
683 1477 878 1526 faeiat?
947 1479 1123 1538 Quid?
1191 1484 1297 1535 aer,
1339 1496 1439 1542 quo
1482 1478 1741 1542 Diogenes

248 1543 598 1606 Apolloniates
623 1549 785 1593 utitur
810 1547 924 1602 deo,
950 1563 1103 1610 quem
1127 1563 1332 1593 sensum
1355 1545 1545 1593 habere
1569 1551 1742 1608 potest

171 1615 228 1656 30
251 1618 341 1658 aut
379 1628 533 1674 quam
571 1611 787 1660 formam
827 1614 950 1660 dei?
1041 1613 1151 1660 Iam
1198 1615 1263 1661 de
1310 1613 1534 1659 Platonis
1571 1615 1743 1659 incon-

249 1682 441 1725 stantia
457 1678 666 1743 longum
686 1688 764 1727 est
783 1681 969 1736 dicere,
985 1684 1072 1744 qui
1086 1684 1138 1727 in
1152 1681 1360 1727 Timaeo
1375 1687 1575 1743 patrem
1593 1678 1742 1726 huius

248 1747 426 1794 mundi
449 1750 696 1794 nominari
719 1755 878 1812 neget
900 1765 1066 1810 posse,
1089 1751 1141 1794 in
1167 1748 1365 1811 Legum
1390 1754 1564 1794 autem
1586 1746 1742 1802 libris,

252 1813 375 1875 quid
406 1817 473 1861 sit
503 1818 707 1861 omnino
743 1816 868 1862 deus
898 1819 1095 1878 anquiri
1123 1823 1358 1878 oportere
1387 1831 1487 1861 non
1517 1820 1740 1861 censeat.

257 1879 427 1938 Quod⁴²
467 1898 586 1928 vero
623 1885 731 1929 sine
772 1899 980 1945 corpore
1023 1882 1122 1929 ullo
1164 1884 1318 1930 deum
1358 1881 1467 1929 vult
1506 1897 1616 1928 esse
1663 1881 1743 1944 (ut

254 1946 435 1994 Graeci
459 1949 636 1996 dicunt
655 1948 945 2013 ἀσώματον),
962 1951 1014 1997 id
1039 1949 1189 2013 quale
1210 1965 1319 1996 esse
1337 1952 1497 2012 possit
1513 1947 1743 2011 intellegi

253 2030 355 2061 non
389 2022 596 2077 potest:
640 2023 814 2064 careat
849 2021 985 2064 enim
1020 2033 1171 2064 sensu
1206 2033 1413 2063 necesse
1450 2023 1545 2072 est,
1571 2021 1743 2062 eareat

252 2084 410 2129 etiam
436 2083 727 2145 prudentia,
751 2092 924 2131 careat
947 2084 1211 2147 voluptate
1234 2100 1246 2140 ;
1298 2099 1430 2147 quae
1454 2085 1624 2130 omnia
1644 2097 1744 2129 una

314 2188 332 2214 ¹
361 2202 596 2230 numerum
616 2190 879 2232 Lambinus·
923 2205 1121 2232 numero.

316 2242 333 2267 ²
361 2245 589 2284 scientiam
612 2246 743 2286 dett..
783 2247 1045 2285 sententiam
1067 2258 1269 2293 sensum3
1299 2245 1353 2286 ci.
1375 2243 1598 2295 Plasbery.

314 2296 332 2322 ⁸
362 2309 448 2349 neg
450 2302 496 2337 at
510 2311 583 2350 pr.
605 2298 672 2339 B:
714 2303 857 2351 neget.

318 2351 336 2375 ⁴
364 2350 537 2401 Quod.
570 2383 581 2393 .
612 2383 622 2393 .
654 2353 1070 2404 comprehendimus
1104 2352 1229 2405 infra
1257 2357 1357 2405 post
1396 2350 1522 2393 Idem
1552 2381 1564 2392 .
1595 2381 1606 2392 .
1639 2381 1649 2392 .
1679 2364 1746 2392 re·

262 2408 510 2457 pugnantia
530 2408 854 2458 transponenda
877 2407 1048 2460 lIayor.

739 2521 759 2541 ⁰
789 2516 870 2558 See
891 2517 1029 2569 msra,
1051 2520 1070 2564 ἓ
1094 2518 1174 2556 120
1193 2529 1237 2558 n.

370 2567 389 2593 ὅ
419 2569 617 2611 Timaeus
636 2573 692 2611 28
713 2584 749 2612 c.
1225 2574 1241 2594 ⁶
1269 2568 1394 2609 Laws
1412 2569 1484 2610 vii.
1505 2570 1604 2610 821.

263 2637 326 2682 32
