1853 3001
874 213 1125 261 CICERO

251 342 361 389 bus.
430 341 538 389 Nec
587 342 869 389 audiendus
920 346 1027 389 eius
1077 343 1279 390 auditor
1327 341 1517 400 Strato,
1564 346 1607 392 is
1656 348 1742 409 qui

251 408 487 473 physicus
536 409 840 471 appellatur,
889 413 975 472 qui
1023 426 1226 456 omnem
1275 413 1375 456 vim
1423 411 1644 458 divinam
1690 414 1743 458 in

252 484 435 524 natura
484 480 635 523 sitam
687 492 797 523 esse
847 483 1041 532 censet,
1092 493 1224 540 quae
1274 494 1450 525 causas
1499 478 1744 542 gignendi

253 544 474 607 augendi
503 544 765 591 minuendi
795 542 986 590 habeat
1016 545 1107 591 sed
1138 552 1311 592 careat
1341 547 1478 591 omni
1509 552 1564 593 et
1593 562 1746 593 sensu

255 618 308 658 et
330 611 507 674 figura.

175 684 230 725 36
316 677 455 725 XIV.
491 676 675 724 “Zeno
717 684 909 732 autem,
945 684 1004 724 ut
1044 680 1146 724 iam
1187 677 1253 725 ad
1305 684 1516 734 vestros,
1569 677 1746 736 Balbe,

252 748 471 799 veniam,
494 744 781 791 naturalem
813 744 981 808 legem
1011 745 1233 791 divinam
1258 761 1368 792 esse
1393 752 1586 801 censet,
1612 762 1748 792 eam-

253 828 353 875 que
392 815 493 858 vim
541 813 773 858 obtinere
811 819 953 858 recta
990 815 1331 874 imperantem
1368 811 1749 875 prohibentem-

253 895 353 942 que
406 882 671 925 contraria.
758 878 926 936 Quam
978 877 1147 942 legem
1200 895 1301 942 quo
1352 879 1504 926 modo
1563 880 1749 927 efficiat

252 950 566 993 animantem
591 945 893 1009 intellegere
919 962 1021 992 non
1047 962 1311 1008 possumus
1335 961 1348 1001 ;
1391 947 1546 994 deum
1573 953 1749 994 autem

254 1017 568 1060 animantem
589 1020 729 1059 certe
751 1012 979 1059 volumus
1003 1029 1128 1059 esse.
1196 1014 1372 1076 Atque
1392 1011 1473 1060 hic
1492 1013 1630 1060 idem
1651 1013 1749 1061 alio

252 1079 360 1127 loco
406 1079 617 1127 aethera
661 1081 815 1127 deum
861 1080 1090 1126 dicit—si
1134 1079 1365 1144 intellegi
1408 1087 1582 1143 potest
1626 1079 1750 1127 nihil

252 1150 478 1194 sentiens
505 1148 648 1203 deus,
676 1151 761 1210 qui
787 1164 1066 1210 numquam
1093 1148 1235 1194 nobis
1262 1151 1478 1194 occurrit
1503 1163 1671 1210 neque
1695 1150 1749 1194 in

253 1216 485 1277 precibus
507 1231 675 1277 neque
695 1218 747 1260 in
769 1218 958 1276 optatis
979 1230 1147 1277 neque
1168 1217 1219 1260 in
1241 1217 1370 1261 votis
1392 1229 1406 1270 ;
1444 1213 1552 1261 aliis
1573 1221 1749 1262 autem

252 1281 389 1328 libris
410 1285 661 1329 rationem
683 1282 939 1345 quandam
960 1298 1053 1343 per
1073 1287 1297 1328 omnem¹
1318 1288 1555 1328 naturam
1579 1297 1748 1328 rerum

251 1352 599 1411 pertinentem
636 1352 683 1395 vi
720 1349 890 1395 divina
926 1364 1036 1395 esse
1074 1347 1331 1395 adfectam
1366 1355 1533 1411 putat.
1602 1348 1749 1396 Idem

253 1420 400 1463 astris
420 1415 514 1463 hoc
533 1417 671 1463 idem
690 1417 888 1470 tribuit,
907 1423 1020 1462 tum
1041 1419 1183 1462 annis
1203 1416 1461 1462 mensibus
1482 1432 1750 1462 annorum-

253 1499 352 1546 que
381 1484 766 1530 mutationibus.
835 1482 965 1529 Cum
994 1499 1113 1529 vero
1144 1482 1355 1530 Hesiodi
1383 1481 1749 1547 Theogoniam,

251 1550 303 1597 id
332 1558 410 1597 est
438 1554 684 1614 originem
714 1551 942 1605 deorum,
969 1553 1356 1611 interpretatur,
1383 1549 1517 1597 tollit
1544 1553 1750 1597 omnino

252 1620 465 1664 usitatas
506 1625 878 1680 perceptasque
919 1620 1233 1680 cognitiones
1275 1617 1521 1672 deorum3
1578 1632 1748 1680 neque

253 1687 388 1730 enim
426 1684 600 1731 Iovem
637 1701 804 1747 neque
843 1684 1092 1730 Iunonem
1127 1700 1296 1747 neque
1332 1683 1544 1730 Vestam
1579 1699 1749 1746 neque

253 1768 563 1814 quemquam
617 1755 702 1814 qui
751 1755 826 1798 ita
875 1750 1181 1813 appellatur2
1227 1754 1280 1796 in
1330 1751 1541 1798 deorum
1588 1748 1748 1798 habet

251 1835 479 1875 numero,
498 1819 590 1865 sed
607 1820 758 1865 rebus
777 1822 1010 1864 inanimis
1031 1825 1187 1881 atque
1207 1821 1361 1864 mutis
1379 1833 1472 1880 per
1490 1817 1748 1881 quandam

172 1892 226 1932 37
251 1886 673 1948 significationem
714 1885 839 1931 haec
881 1886 1030 1932 docet
1071 1885 1266 1931 tributa
1305 1887 1524 1931 nomina.
1593 1883 1748 1931 Cuius

251 1952 481 2014 discipuli
513 1954 764 1999 Aristonis
798 1969 899 1998 non
931 1955 1096 1998 minus
1129 1968 1316 2015 magno
1347 1954 1400 1998 in
1433 1967 1600 1998 errore
1634 1967 1748 1998 sen-

251 2023 417 2066 tentia
461 2027 556 2075 est,
601 2023 687 2082 qui
731 2036 898 2082 neque
942 2017 1157 2066 formam
1201 2020 1283 2066 dei
1325 2017 1557 2081 intellegi
1598 2033 1747 2080 posse

251 2094 460 2133 censeat
488 2103 656 2149 neque
685 2090 736 2132 in
766 2087 873 2133 deis
902 2102 1106 2132 sensum
1133 2102 1241 2132 esse
1267 2086 1421 2141 dicat,
1440 2085 1747 2147 dubitetque

252 2157 456 2200 omnino
488 2154 612 2200 deus
646 2156 872 2199 animans
905 2169 1066 2199 necne
1098 2155 1178 2199 sit.
1247 2151 1521 2198 Cleanthes
1553 2158 1746 2208 autem,

253 2223 337 2283 qui
381 2220 638 2266 Zenonem
682 2221 875 2267 audivit
917 2237 1019 2266 una
1060 2236 1175 2266 cum
1218 2235 1279 2266 eo
1322 2235 1475 2282 quem
1516 2221 1746 2280 proxime

252 2290 523 2341 nominavi,
549 2295 661 2333 turn
686 2291 851 2349 ipsum
877 2287 1124 2333 mundum
1151 2287 1304 2333 deum
1330 2287 1453 2333 dicit
1479 2301 1607 2341 esse,
1631 2291 1744 2332 tum

686 2417 700 2440 1
732 2429 909 2455 omnem
932 2416 1033 2455 dett.
1055 2431 1065 2455 ε
1105 2415 1318 2454 omnium.

627 2470 643 2494 ²
673 2468 921 2521 appellatur
942 2470 1044 2508 dett.
1065 2485 1076 2508 ε
1115 2467 1373 2520 appelletur.

366 2579 386 2599 ⁰
420 2574 489 2625 Cf.
515 2576 579 2615 M.
603 2574 808 2615 Aurelius
827 2588 869 2616 v.
890 2577 944 2615 32
967 2575 987 2613 ὁ
1008 2576 1072 2613 διὰ
1092 2576 1166 2622 τὴν
1188 2575 1326 2613 οὐσίαν
1347 2575 1491 2622 διήκων
1510 2574 1645 2623 λόγος.

265 2644 326 2684 38
