<?xml version="1.0" encoding="UTF-8"?>
<!DOCTYPE html PUBLIC "-//W3C//DTD XHTML 1.0 Transitional//EN"
    "http://www.w3.org/TR/xhtml1/DTD/xhtml1-transitional.dtd">
<html xmlns="http://www.w3.org/1999/xhtml" xml:lang="en" lang="en">
 <head>
  <title>
</title>
<meta http-equiv="Content-Type" content="text/html;charset=utf-8" />
  <meta name='ocr-system' content='tesseract 3.04.00' />
  <meta name='ocr-capabilities' content='ocr_page ocr_carea ocr_par ocr_line ocrx_word'/>
</head>
<body>
  <div class='ocr_page' id='page_1' title='image "./denaturadeorumac00ciceuoft_0604.png"; bbox 0 0 1919 3006; ppageno 0'>
   <div class='ocr_carea' id='block_1_1' title="bbox 280 1890 332 1929">
    <p class='ocr_par' dir='ltr' id='par_1_1' title="bbox 280 1890 332 1929">
     <span class='ocr_line' id='line_1_1' title="bbox 280 1890 332 1929; baseline 0 0"><span class='ocrx_word' id='word_1_1' title='bbox 280 1890 332 1929; x_wconf 91' lang='lat'>83</span> 
     </span>
    </p>
   </div>
   <div class='ocr_carea' id='block_1_2' title="bbox 992 188 1245 238">
    <p class='ocr_par' dir='ltr' id='par_1_2' title="bbox 992 188 1245 238">
     <span class='ocr_line' id='line_1_2' title="bbox 992 188 1245 238; baseline 0.008 -2"><span class='ocrx_word' id='word_1_2' title='bbox 992 188 1245 238; x_wconf 89' lang='lat' dir='ltr'>CICERO</span> 
     </span>
    </p>
   </div>
   <div class='ocr_carea' id='block_1_3' title="bbox 355 316 1861 2229">
    <p class='ocr_par' dir='ltr' id='par_1_3' title="bbox 355 316 1861 2229">
     <span class='ocr_line' id='line_1_3' title="bbox 363 316 1860 383; baseline 0.003 -19"><span class='ocrx_word' id='word_1_3' title='bbox 363 317 435 364; x_wconf 91' lang='lat' dir='ltr'>At</span> <span class='ocrx_word' id='word_1_4' title='bbox 463 316 675 380; x_wconf 89' lang='lat' dir='ltr'>amplius</span> <span class='ocrx_word' id='word_1_5' title='bbox 704 335 808 365; x_wconf 92' lang='lat' dir='ltr'>non</span> <span class='ocrx_word' id='word_1_6' title='bbox 835 318 1228 366; x_wconf 81' lang='lat' dir='ltr'>desideramus1!</span> <span class='ocrx_word' id='word_1_7' title='bbox 1301 318 1476 378; x_wconf 84' lang='lat' dir='ltr'>Quid?</span> <span class='ocrx_word' id='word_1_8' title='bbox 1522 318 1715 383; x_wconf 88' lang='lat' dir='ltr'>talpam</span> <span class='ocrx_word' id='word_1_9' title='bbox 1741 337 1860 368; x_wconf 92' lang='lat' dir='ltr'>num</span> 
     </span>
     <span class='ocr_line' id='line_1_4' title="bbox 362 387 1861 452; baseline 0.003 -19"><span class='ocrx_word' id='word_1_10' title='bbox 362 387 648 434; x_wconf 91' lang='lat' dir='ltr'>desiderare</span> <span class='ocrx_word' id='word_1_11' title='bbox 680 387 853 435; x_wconf 89' lang='lat' dir='ltr'>lumen</span> <span class='ocrx_word' id='word_1_12' title='bbox 879 395 1030 451; x_wconf 89' lang='lat' dir='ltr'>putas</span> <span class='ocrx_word' id='word_1_13' title='bbox 1053 389 1072 436; x_wconf 88' lang='lat'>?</span> <span class='ocrx_word' id='word_1_14' title='bbox 1134 388 1315 452; x_wconf 80' lang='lat' dir='ltr'>Neque</span> <span class='ocrx_word' id='word_1_15' title='bbox 1343 397 1451 437; x_wconf 92' lang='lat' dir='ltr'>tam</span> <span class='ocrx_word' id='word_1_16' title='bbox 1480 406 1718 452; x_wconf 92' lang='lat' dir='ltr'>quererer</span> <span class='ocrx_word' id='word_1_17' title='bbox 1744 407 1861 437; x_wconf 87' lang='lat' dir='ltr'>cum</span> 
     </span>
     <span class='ocr_line' id='line_1_5' title="bbox 360 458 1858 524; baseline 0.003 -20"><span class='ocrx_word' id='word_1_18' title='bbox 360 459 456 505; x_wconf 93' lang='lat' dir='ltr'>deo</span> <span class='ocrx_word' id='word_1_19' title='bbox 489 458 623 521; x_wconf 90' lang='lat' dir='ltr'>quod</span> <span class='ocrx_word' id='word_1_20' title='bbox 655 475 833 521; x_wconf 87' lang='lat' dir='ltr'>parum</span> <span class='ocrx_word' id='word_1_21' title='bbox 864 458 1014 524; x_wconf 86' lang='lat' dir='ltr'>longe</span> <span class='ocrx_word' id='word_1_22' title='bbox 1052 477 1205 523; x_wconf 92' lang='lat' dir='ltr'>quam</span> <span class='ocrx_word' id='word_1_23' title='bbox 1241 460 1377 524; x_wconf 93' lang='lat' dir='ltr'>quod</span> <span class='ocrx_word' id='word_1_24' title='bbox 1407 460 1590 507; x_wconf 87' lang='lat' dir='ltr'>falsum</span> <span class='ocrx_word' id='word_1_25' title='bbox 1620 461 1858 509; x_wconf 89' lang='lat' dir='ltr'>viderem.</span> 
     </span>
     <span class='ocr_line' id='line_1_6' title="bbox 359 528 1859 595; baseline 0.003 -21"><span class='ocrx_word' id='word_1_26' title='bbox 359 528 580 575; x_wconf 80' lang='lat' dir='ltr'><strong>Videsne</strong></span> <span class='ocrx_word' id='word_1_27' title='bbox 607 546 789 575; x_wconf 90' lang='lat' dir='ltr'>navem</span> <span class='ocrx_word' id='word_1_28' title='bbox 813 529 950 576; x_wconf 90' lang='lat' dir='ltr'>illam</span> <span class='ocrx_word' id='word_1_29' title='bbox 973 531 991 577; x_wconf 87' lang='lat'>?</span> <span class='ocrx_word' id='word_1_30' title='bbox 1029 537 1165 577; x_wconf 92' lang='lat' dir='ltr'>stare</span> <span class='ocrx_word' id='word_1_31' title='bbox 1191 531 1338 578; x_wconf 89' lang='lat' dir='ltr'>nobis</span> <span class='ocrx_word' id='word_1_32' title='bbox 1363 532 1584 587; x_wconf 91' lang='lat' dir='ltr'>videtur,</span> <span class='ocrx_word' id='word_1_33' title='bbox 1611 538 1665 578; x_wconf 88' lang='lat' dir='ltr'>at</span> <span class='ocrx_word' id='word_1_34' title='bbox 1688 534 1746 578; x_wconf 90' lang='lat' dir='ltr'>iis</span> <span class='ocrx_word' id='word_1_35' title='bbox 1773 535 1859 595; x_wconf 84' lang='lat' dir='ltr'>qui</span> 
     </span>
     <span class='ocr_line' id='line_1_7' title="bbox 360 599 1859 660; baseline 0.003 -15"><span class='ocrx_word' id='word_1_36' title='bbox 360 601 411 645; x_wconf 88' lang='lat' dir='ltr'>in</span> <span class='ocrx_word' id='word_1_37' title='bbox 435 603 550 645; x_wconf 79' lang='lat' dir='ltr'>navi</span> <span class='ocrx_word' id='word_1_38' title='bbox 575 607 694 647; x_wconf 91' lang='lat' dir='ltr'>sunt</span> <span class='ocrx_word' id='word_1_39' title='bbox 717 603 909 647; x_wconf 89' lang='lat' dir='ltr'>moveri</span> <span class='ocrx_word' id='word_1_40' title='bbox 932 599 1060 648; x_wconf 88' lang='lat' dir='ltr'>haec</span> <span class='ocrx_word' id='word_1_41' title='bbox 1084 600 1215 648; x_wconf 89' lang='lat' dir='ltr'>villa.</span> <span class='ocrx_word' id='word_1_42' title='bbox 1276 601 1479 660; x_wconf 82' lang='lat' dir='ltr'><strong>Quaere</strong></span> <span class='ocrx_word' id='word_1_43' title='bbox 1502 604 1753 648; x_wconf 89' lang='lat' dir='ltr'>rationem</span> <span class='ocrx_word' id='word_1_44' title='bbox 1772 619 1859 649; x_wconf 88' lang='lat' dir='ltr'>cur</span> 
     </span>
     <span class='ocr_line' id='line_1_8' title="bbox 359 670 1856 735; baseline 0.003 -19"><span class='ocrx_word' id='word_1_45' title='bbox 359 673 433 716; x_wconf 91' lang='lat' dir='ltr'>ita</span> <span class='ocrx_word' id='word_1_46' title='bbox 456 670 688 717; x_wconf 90' lang='lat' dir='ltr'>videatur</span> <span class='ocrx_word' id='word_1_47' title='bbox 711 686 722 726; x_wconf 92' lang='lat'>;</span> <span class='ocrx_word' id='word_1_48' title='bbox 759 687 913 734; x_wconf 89' lang='lat' dir='ltr'>quam</span> <span class='ocrx_word' id='word_1_49' title='bbox 938 678 996 719; x_wconf 93' lang='lat' dir='ltr'>ut</span> <span class='ocrx_word' id='word_1_50' title='bbox 1019 675 1241 719; x_wconf 79' lang='lat' dir='ltr'>maxime</span> <span class='ocrx_word' id='word_1_51' title='bbox 1265 674 1534 728; x_wconf 90' lang='lat' dir='ltr'>inveneris,</span> <span class='ocrx_word' id='word_1_52' title='bbox 1560 672 1697 735; x_wconf 91' lang='lat' dir='ltr'>quod</span> <span class='ocrx_word' id='word_1_53' title='bbox 1719 671 1856 720; x_wconf 88' lang='lat' dir='ltr'>haud</span> 
     </span>
     <span class='ocr_line' id='line_1_9' title="bbox 359 742 1855 805; baseline 0.002 -19"><span class='ocrx_word' id='word_1_54' title='bbox 359 743 458 787; x_wconf 91' lang='lat' dir='ltr'>scio</span> <span class='ocrx_word' id='word_1_55' title='bbox 488 757 552 787; x_wconf 92' lang='lat' dir='ltr'>an</span> <span class='ocrx_word' id='word_1_56' title='bbox 579 757 680 787; x_wconf 92' lang='lat' dir='ltr'>non</span> <span class='ocrx_word' id='word_1_57' title='bbox 706 745 882 805; x_wconf 90' lang='lat' dir='ltr'>possis,</span> <span class='ocrx_word' id='word_1_58' title='bbox 909 759 1011 790; x_wconf 92' lang='lat' dir='ltr'>non</span> <span class='ocrx_word' id='word_1_59' title='bbox 1042 749 1101 790; x_wconf 87' lang='lat' dir='ltr'>tu</span> <span class='ocrx_word' id='word_1_60' title='bbox 1128 759 1304 791; x_wconf 86' lang='lat' dir='ltr'>verum</span> <span class='ocrx_word' id='word_1_61' title='bbox 1330 749 1404 790; x_wconf 85' lang='lat' dir='ltr'>te2</span> <span class='ocrx_word' id='word_1_62' title='bbox 1432 750 1623 790; x_wconf 89' lang='lat' dir='ltr'>testem</span> <span class='ocrx_word' id='word_1_63' title='bbox 1646 742 1855 799; x_wconf 88' lang='lat' dir='ltr'>habere,</span> 
     </span>
     <span class='ocr_line' id='line_1_10' title="bbox 359 811 1855 862; baseline 0.003 -5"><span class='ocrx_word' id='word_1_64' title='bbox 359 811 448 858; x_wconf 92' lang='lat' dir='ltr'>sed</span> <span class='ocrx_word' id='word_1_65' title='bbox 482 828 599 858; x_wconf 93' lang='lat' dir='ltr'>eum</span> <span class='ocrx_word' id='word_1_66' title='bbox 631 829 733 860; x_wconf 90' lang='lat' dir='ltr'>non</span> <span class='ocrx_word' id='word_1_67' title='bbox 765 816 873 860; x_wconf 92' lang='lat' dir='ltr'>sine</span> <span class='ocrx_word' id='word_1_68' title='bbox 906 830 1058 861; x_wconf 86' lang='lat' dir='ltr'>causa</span> <span class='ocrx_word' id='word_1_69' title='bbox 1089 812 1270 862; x_wconf 88' lang='lat' dir='ltr'>falsum</span> <span class='ocrx_word' id='word_1_70' title='bbox 1304 817 1655 862; x_wconf 90' lang='lat' dir='ltr'>testimonium</span> <span class='ocrx_word' id='word_1_71' title='bbox 1687 814 1855 862; x_wconf 86' lang='lat' dir='ltr'>dicere</span> 
     </span>
     <span class='ocr_line' id='line_1_11' title="bbox 357 883 1857 950; baseline 0.002 -22"><span class='ocrx_word' id='word_1_72' title='bbox 357 883 653 930; x_wconf 87' lang='lat' dir='ltr'>ostenderis.</span> <span class='ocrx_word' id='word_1_73' title='bbox 714 884 902 932; x_wconf 88' lang='lat' dir='ltr'>XXVI.</span> <span class='ocrx_word' id='word_1_74' title='bbox 941 884 1077 943; x_wconf 83' lang='lat' dir='ltr'>Quid</span> <span class='ocrx_word' id='word_1_75' title='bbox 1104 901 1199 950; x_wconf 85' lang='lat' dir='ltr'>ego</span> <span class='ocrx_word' id='word_1_76' title='bbox 1227 886 1292 933; x_wconf 92' lang='lat' dir='ltr'>de</span> <span class='ocrx_word' id='word_1_77' title='bbox 1318 902 1448 932; x_wconf 90' lang='lat' dir='ltr'>nave</span> <span class='ocrx_word' id='word_1_78' title='bbox 1470 885 1489 932; x_wconf 89' lang='lat'>?</span> <span class='ocrx_word' id='word_1_79' title='bbox 1534 885 1636 932; x_wconf 89' lang='lat' dir='ltr'>vidi</span> <span class='ocrx_word' id='word_1_80' title='bbox 1663 887 1799 931; x_wconf 89' lang='lat' dir='ltr'>enim</span> <span class='ocrx_word' id='word_1_81' title='bbox 1825 900 1857 931; x_wconf 86' lang='lat' dir='ltr'>a</span> 
     </span>
     <span class='ocr_line' id='line_1_12' title="bbox 357 955 1856 1020; baseline 0.003 -21"><span class='ocrx_word' id='word_1_82' title='bbox 357 959 411 999; x_wconf 91' lang='lat' dir='ltr'>te</span> <span class='ocrx_word' id='word_1_83' title='bbox 435 970 632 1000; x_wconf 89' lang='lat' dir='ltr'>remum</span> <span class='ocrx_word' id='word_1_84' title='bbox 657 959 915 1003; x_wconf 81' lang='lat' dir='ltr'>contemni</span> <span class='ocrx_word' id='word_1_85' title='bbox 938 972 950 1012; x_wconf 93' lang='lat'>;</span> <span class='ocrx_word' id='word_1_86' title='bbox 991 960 1183 1004; x_wconf 88' lang='lat' dir='ltr'>maiora</span> <span class='ocrx_word' id='word_1_87' title='bbox 1205 956 1420 1004; x_wconf 90' lang='lat' dir='ltr'>fortasse</span> <span class='ocrx_word' id='word_1_88' title='bbox 1445 958 1659 1020; x_wconf 89' lang='lat' dir='ltr'>quaeris.</span> <span class='ocrx_word' id='word_1_89' title='bbox 1719 955 1856 1014; x_wconf 86' lang='lat' dir='ltr'>Quid</span> 
     </span>
     <span class='ocr_line' id='line_1_13' title="bbox 356 1026 1854 1092; baseline 0.003 -21"><span class='ocrx_word' id='word_1_90' title='bbox 356 1031 529 1087; x_wconf 90' lang='lat' dir='ltr'>potest</span> <span class='ocrx_word' id='word_1_91' title='bbox 566 1042 675 1073; x_wconf 91' lang='lat' dir='ltr'>esse</span> <span class='ocrx_word' id='word_1_92' title='bbox 712 1026 815 1074; x_wconf 90' lang='lat' dir='ltr'>sole</span> <span class='ocrx_word' id='word_1_93' title='bbox 850 1031 1030 1084; x_wconf 90' lang='lat' dir='ltr'>maius,</span> <span class='ocrx_word' id='word_1_94' title='bbox 1067 1045 1221 1092; x_wconf 92' lang='lat' dir='ltr'>quem</span> <span class='ocrx_word' id='word_1_95' title='bbox 1254 1027 1605 1075; x_wconf 77' lang='lat' dir='ltr'>mathematici</span> <span class='ocrx_word' id='word_1_96' title='bbox 1641 1027 1854 1090; x_wconf 90' lang='lat' dir='ltr'>amplius</span> 
     </span>
     <span class='ocr_line' id='line_1_14' title="bbox 357 1095 1855 1161; baseline 0.003 -20"><span class='ocrx_word' id='word_1_97' title='bbox 357 1095 708 1161; x_wconf 87' lang='lat' dir='ltr'>duodeviginti</span> <span class='ocrx_word' id='word_1_98' title='bbox 774 1100 1002 1160; x_wconf 88' lang='lat' dir='ltr'>partibus</span> <span class='ocrx_word' id='word_1_99' title='bbox 1069 1100 1370 1147; x_wconf 90' lang='lat' dir='ltr'>confirmant</span> <span class='ocrx_word' id='word_1_100' title='bbox 1434 1102 1678 1146; x_wconf 91' lang='lat' dir='ltr'>maiorem</span> <span class='ocrx_word' id='word_1_101' title='bbox 1744 1114 1855 1146; x_wconf 91' lang='lat' dir='ltr'>esse</span> 
     </span>
     <span class='ocr_line' id='line_1_15' title="bbox 356 1168 1855 1229; baseline 0.002 -16"><span class='ocrx_word' id='word_1_102' title='bbox 356 1183 510 1229; x_wconf 88' lang='lat' dir='ltr'>quam</span> <span class='ocrx_word' id='word_1_103' title='bbox 565 1170 791 1216; x_wconf 87' lang='lat' dir='ltr'>terram?</span> <span class='ocrx_word' id='word_1_104' title='bbox 881 1169 1169 1228; x_wconf 80' lang='lat' dir='ltr'>Quantulus</span> <span class='ocrx_word' id='word_1_105' title='bbox 1225 1171 1368 1218; x_wconf 89' lang='lat' dir='ltr'>nobis</span> <span class='ocrx_word' id='word_1_106' title='bbox 1423 1170 1657 1218; x_wconf 87' lang='lat' dir='ltr'>videtur!</span> <span class='ocrx_word' id='word_1_107' title='bbox 1731 1168 1855 1216; x_wconf 90' lang='lat' dir='ltr'>mihi</span> 
     </span>
     <span class='ocr_line' id='line_1_16' title="bbox 356 1239 1855 1305; baseline 0.003 -21"><span class='ocrx_word' id='word_1_108' title='bbox 356 1239 563 1300; x_wconf 90' lang='lat' dir='ltr'>quidem</span> <span class='ocrx_word' id='word_1_109' title='bbox 595 1244 738 1303; x_wconf 86' lang='lat' dir='ltr'>quasi</span> <span class='ocrx_word' id='word_1_110' title='bbox 768 1241 976 1303; x_wconf 90' lang='lat' dir='ltr'>pedalis.</span> <span class='ocrx_word' id='word_1_111' title='bbox 1042 1243 1289 1305; x_wconf 88' lang='lat' dir='ltr'>Epicurus</span> <span class='ocrx_word' id='word_1_112' title='bbox 1321 1249 1496 1289; x_wconf 90' lang='lat' dir='ltr'>autem</span> <span class='ocrx_word' id='word_1_113' title='bbox 1524 1257 1673 1304; x_wconf 90' lang='lat' dir='ltr'>posse</span> <span class='ocrx_word' id='word_1_114' title='bbox 1702 1247 1855 1304; x_wconf 86' lang='lat' dir='ltr'>putat</span> 
     </span>
     <span class='ocr_line' id='line_1_17' title="bbox 357 1312 1856 1377; baseline 0.002 -22"><span class='ocrx_word' id='word_1_115' title='bbox 357 1313 514 1356; x_wconf 90' lang='lat' dir='ltr'>etiam</span> <span class='ocrx_word' id='word_1_116' title='bbox 551 1315 799 1359; x_wconf 90' lang='lat' dir='ltr'>minorem</span> <span class='ocrx_word' id='word_1_117' title='bbox 839 1329 948 1360; x_wconf 91' lang='lat' dir='ltr'>esse</span> <span class='ocrx_word' id='word_1_118' title='bbox 989 1329 1106 1360; x_wconf 89' lang='lat' dir='ltr'>eum</span> <span class='ocrx_word' id='word_1_119' title='bbox 1146 1330 1299 1377; x_wconf 88' lang='lat' dir='ltr'>quam</span> <span class='ocrx_word' id='word_1_120' title='bbox 1337 1314 1586 1369; x_wconf 86' lang='lat' dir='ltr'>videatur,</span> <span class='ocrx_word' id='word_1_121' title='bbox 1626 1312 1718 1359; x_wconf 93' lang='lat' dir='ltr'>sed</span> <span class='ocrx_word' id='word_1_122' title='bbox 1753 1328 1856 1358; x_wconf 94' lang='lat' dir='ltr'>non</span> 
     </span>
     <span class='ocr_line' id='line_1_18' title="bbox 355 1381 1856 1447; baseline 0.001 -20"><span class='ocrx_word' id='word_1_123' title='bbox 355 1381 552 1438; x_wconf 83' lang='lat' dir='ltr'>mult03</span> <span class='ocrx_word' id='word_1_124' title='bbox 606 1399 671 1430; x_wconf 95' lang='lat' dir='ltr'>ne</span> <span class='ocrx_word' id='word_1_125' title='bbox 706 1387 950 1431; x_wconf 90' lang='lat' dir='ltr'>maiorem</span> <span class='ocrx_word' id='word_1_126' title='bbox 987 1385 1193 1447; x_wconf 91' lang='lat' dir='ltr'>quidem</span> <span class='ocrx_word' id='word_1_127' title='bbox 1228 1383 1390 1431; x_wconf 90' lang='lat' dir='ltr'>multo</span> <span class='ocrx_word' id='word_1_128' title='bbox 1425 1391 1577 1447; x_wconf 87' lang='lat' dir='ltr'>putat</span> <span class='ocrx_word' id='word_1_129' title='bbox 1612 1399 1740 1440; x_wconf 90' lang='lat' dir='ltr'>esse,</span> <span class='ocrx_word' id='word_1_130' title='bbox 1775 1382 1856 1430; x_wconf 88' lang='lat' dir='ltr'>vel</span> 
     </span>
     <span class='ocr_line' id='line_1_19' title="bbox 357 1453 1856 1519; baseline 0.001 -21"><span class='ocrx_word' id='word_1_131' title='bbox 357 1458 560 1500; x_wconf 92' lang='lat' dir='ltr'>tantum</span> <span class='ocrx_word' id='word_1_132' title='bbox 607 1471 716 1502; x_wconf 90' lang='lat' dir='ltr'>esse</span> <span class='ocrx_word' id='word_1_133' title='bbox 762 1463 983 1519; x_wconf 91' lang='lat' dir='ltr'>quantus</span> <span class='ocrx_word' id='word_1_134' title='bbox 1028 1456 1278 1513; x_wconf 87' lang='lat' dir='ltr'>videatur,</span> <span class='ocrx_word' id='word_1_135' title='bbox 1322 1462 1381 1502; x_wconf 93' lang='lat' dir='ltr'>ut</span> <span class='ocrx_word' id='word_1_136' title='bbox 1425 1455 1554 1502; x_wconf 93' lang='lat' dir='ltr'>oculi</span> <span class='ocrx_word' id='word_1_137' title='bbox 1600 1461 1689 1502; x_wconf 88' lang='lat' dir='ltr'>aut</span> <span class='ocrx_word' id='word_1_138' title='bbox 1732 1453 1856 1501; x_wconf 90' lang='lat' dir='ltr'>nihil</span> 
     </span>
     <span class='ocr_line' id='line_1_20' title="bbox 355 1526 1856 1591; baseline 0.002 -21"><span class='ocrx_word' id='word_1_139' title='bbox 355 1528 671 1573; x_wconf 81' lang='lat' dir='ltr'>mentiantur</span> <span class='ocrx_word' id='word_1_140' title='bbox 710 1534 799 1574; x_wconf 86' lang='lat' dir='ltr'>aut</span> <span class='ocrx_word' id='word_1_141' title='bbox 836 1544 938 1574; x_wconf 93' lang='lat' dir='ltr'>non</span> <span class='ocrx_word' id='word_1_142' title='bbox 975 1526 1208 1574; x_wconf 88' lang='lat' dir='ltr'>multum.</span> <span class='ocrx_word' id='word_1_143' title='bbox 1283 1526 1386 1574; x_wconf 93' lang='lat' dir='ltr'>Ubi</span> <span class='ocrx_word' id='word_1_144' title='bbox 1423 1530 1578 1591; x_wconf 86' lang='lat' dir='ltr'>igitur</span> <span class='ocrx_word' id='word_1_145' title='bbox 1614 1526 1738 1574; x_wconf 92' lang='lat' dir='ltr'>illud</span> <span class='ocrx_word' id='word_1_146' title='bbox 1776 1533 1856 1574; x_wconf 89' lang='lat' dir='ltr'>est</span> 
     </span>
     <span class='ocr_line' id='line_1_21' title="bbox 356 1593 1855 1662; baseline 0.002 -20"><span class='ocrx_word' id='word_1_147' title='bbox 356 1593 367 1612; x_wconf 90' lang='lat'>‘</span> <span class='ocrx_word' id='word_1_148' title='bbox 392 1595 549 1643; x_wconf 90' lang='lat' dir='ltr'>semel</span> <span class='ocrx_word' id='word_1_149' title='bbox 573 1596 582 1612; x_wconf 92' lang='lat'>’</span> <span class='ocrx_word' id='word_1_150' title='bbox 607 1598 626 1644; x_wconf 86' lang='lat'>?</span> <span class='ocrx_word' id='word_1_151' title='bbox 684 1597 786 1645; x_wconf 89' lang='lat' dir='ltr'>Sed</span> <span class='ocrx_word' id='word_1_152' title='bbox 811 1599 874 1645; x_wconf 88' lang='lat' dir='ltr'>ab</span> <span class='ocrx_word' id='word_1_153' title='bbox 899 1597 994 1645; x_wconf 93' lang='lat' dir='ltr'>hoc</span> <span class='ocrx_word' id='word_1_154' title='bbox 1019 1597 1240 1654; x_wconf 91' lang='lat' dir='ltr'>credulo,</span> <span class='ocrx_word' id='word_1_155' title='bbox 1266 1601 1352 1662; x_wconf 91' lang='lat' dir='ltr'>qui</span> <span class='ocrx_word' id='word_1_156' title='bbox 1377 1615 1656 1661; x_wconf 87' lang='lat' dir='ltr'>numquam</span> <span class='ocrx_word' id='word_1_157' title='bbox 1679 1613 1855 1646; x_wconf 89' lang='lat' dir='ltr'>sensus</span> 
     </span>
     <span class='ocr_line' id='line_1_22' title="bbox 355 1670 1854 1733; baseline 0.002 -20"><span class='ocrx_word' id='word_1_158' title='bbox 355 1670 559 1714; x_wconf 90' lang='lat' dir='ltr'>mentiri</span> <span class='ocrx_word' id='word_1_159' title='bbox 583 1676 751 1732; x_wconf 90' lang='lat' dir='ltr'>putat,</span> <span class='ocrx_word' id='word_1_160' title='bbox 777 1670 1111 1726; x_wconf 83' lang='lat' dir='ltr'>discedamus,</span> <span class='ocrx_word' id='word_1_161' title='bbox 1137 1672 1223 1732; x_wconf 91' lang='lat' dir='ltr'>qui</span> <span class='ocrx_word' id='word_1_162' title='bbox 1246 1686 1310 1716; x_wconf 91' lang='lat' dir='ltr'>ne</span> <span class='ocrx_word' id='word_1_163' title='bbox 1335 1687 1468 1717; x_wconf 93' lang='lat' dir='ltr'>nunc</span> <span class='ocrx_word' id='word_1_164' title='bbox 1492 1670 1716 1733; x_wconf 92' lang='lat' dir='ltr'>quidem,</span> <span class='ocrx_word' id='word_1_165' title='bbox 1740 1685 1854 1716; x_wconf 90' lang='lat' dir='ltr'>cum</span> 
     </span>
     <span class='ocr_line' id='line_1_23' title="bbox 355 1737 1854 1802; baseline 0.002 -18"><span class='ocrx_word' id='word_1_166' title='bbox 355 1737 438 1785; x_wconf 91' lang='lat' dir='ltr'>ille</span> <span class='ocrx_word' id='word_1_167' title='bbox 468 1738 557 1795; x_wconf 89' lang='lat' dir='ltr'>sol,</span> <span class='ocrx_word' id='word_1_168' title='bbox 588 1743 674 1802; x_wconf 90' lang='lat' dir='ltr'>qui</span> <span class='ocrx_word' id='word_1_169' title='bbox 703 1747 852 1787; x_wconf 88' lang='lat' dir='ltr'>tanta</span> <span class='ocrx_word' id='word_1_170' title='bbox 879 1743 1175 1787; x_wconf 84' lang='lat' dir='ltr'>incitatione</span> <span class='ocrx_word' id='word_1_171' title='bbox 1205 1739 1367 1787; x_wconf 89' lang='lat' dir='ltr'>fertur</span> <span class='ocrx_word' id='word_1_172' title='bbox 1397 1747 1456 1788; x_wconf 89' lang='lat' dir='ltr'>ut</span> <span class='ocrx_word' id='word_1_173' title='bbox 1484 1740 1717 1787; x_wconf 88' lang='lat' dir='ltr'>celeritas</span> <span class='ocrx_word' id='word_1_174' title='bbox 1747 1743 1854 1787; x_wconf 89' lang='lat' dir='ltr'>eius</span> 
     </span>
     <span class='ocr_line' id='line_1_24' title="bbox 357 1812 1854 1876; baseline 0.002 -20"><span class='ocrx_word' id='word_1_175' title='bbox 357 1817 549 1873; x_wconf 87' lang='lat' dir='ltr'>quanta</span> <span class='ocrx_word' id='word_1_176' title='bbox 586 1814 651 1859; x_wconf 92' lang='lat' dir='ltr'>sit</span> <span class='ocrx_word' id='word_1_177' title='bbox 688 1828 753 1858; x_wconf 93' lang='lat' dir='ltr'>ne</span> <span class='ocrx_word' id='word_1_178' title='bbox 791 1815 1001 1876; x_wconf 85' lang='lat' dir='ltr'>cogitari</span> <span class='ocrx_word' id='word_1_179' title='bbox 1041 1812 1247 1875; x_wconf 91' lang='lat' dir='ltr'>quidem</span> <span class='ocrx_word' id='word_1_180' title='bbox 1285 1815 1460 1875; x_wconf 86' lang='lat' dir='ltr'>possit,</span> <span class='ocrx_word' id='word_1_181' title='bbox 1498 1818 1674 1858; x_wconf 89' lang='lat' dir='ltr'>tamen</span> <span class='ocrx_word' id='word_1_182' title='bbox 1709 1812 1854 1859; x_wconf 86' lang='lat' dir='ltr'>nobis</span> 
     </span>
     <span class='ocr_line' id='line_1_25' title="bbox 355 1881 1852 1938; baseline 0.001 -11"><span class='ocrx_word' id='word_1_183' title='bbox 355 1888 490 1928; x_wconf 89' lang='lat' dir='ltr'>stare</span> <span class='ocrx_word' id='word_1_184' title='bbox 547 1882 794 1929; x_wconf 84' lang='lat' dir='ltr'>videatur.</span> <span class='ocrx_word' id='word_1_185' title='bbox 887 1881 989 1930; x_wconf 89' lang='lat' dir='ltr'>Sed</span> <span class='ocrx_word' id='word_1_186' title='bbox 1045 1889 1104 1930; x_wconf 90' lang='lat' dir='ltr'>ut</span> <span class='ocrx_word' id='word_1_187' title='bbox 1159 1885 1385 1929; x_wconf 91' lang='lat' dir='ltr'>minuam</span> <span class='ocrx_word' id='word_1_188' title='bbox 1441 1884 1852 1938; x_wconf 90' lang='lat' dir='ltr'>controversiam,</span> 
     </span>
     <span class='ocr_line' id='line_1_26' title="bbox 356 1952 1852 2017; baseline 0.001 -18"><span class='ocrx_word' id='word_1_189' title='bbox 356 1953 526 2000; x_wconf 88' lang='lat' dir='ltr'>videte</span> <span class='ocrx_word' id='word_1_190' title='bbox 556 1969 744 2016; x_wconf 90' lang='lat' dir='ltr'>quaeso</span> <span class='ocrx_word' id='word_1_191' title='bbox 775 1970 928 2017; x_wconf 90' lang='lat' dir='ltr'>quam</span> <span class='ocrx_word' id='word_1_192' title='bbox 955 1956 1009 2000; x_wconf 89' lang='lat' dir='ltr'>in</span> <span class='ocrx_word' id='word_1_193' title='bbox 1035 1970 1189 2016; x_wconf 88' lang='lat' dir='ltr'>parvo</span> <span class='ocrx_word' id='word_1_194' title='bbox 1217 1952 1276 2001; x_wconf 93' lang='lat' dir='ltr'>lis</span> <span class='ocrx_word' id='word_1_195' title='bbox 1305 1956 1385 2001; x_wconf 86' lang='lat' dir='ltr'>sit.</span> <span class='ocrx_word' id='word_1_196' title='bbox 1449 1952 1706 2012; x_wconf 83' lang='lat' dir='ltr'>Quattuor</span> <span class='ocrx_word' id='word_1_197' title='bbox 1733 1959 1852 2000; x_wconf 88' lang='lat' dir='ltr'>sunt</span> 
     </span>
     <span class='ocr_line' id='line_1_27' title="bbox 356 2023 1850 2088; baseline 0.001 -19"><span class='ocrx_word' id='word_1_198' title='bbox 356 2026 525 2086; x_wconf 90' lang='lat' dir='ltr'>capita</span> <span class='ocrx_word' id='word_1_199' title='bbox 553 2040 683 2086; x_wconf 90' lang='lat' dir='ltr'>quae</span> <span class='ocrx_word' id='word_1_200' title='bbox 713 2023 1016 2072; x_wconf 88' lang='lat' dir='ltr'>concludant</span> <span class='ocrx_word' id='word_1_201' title='bbox 1045 2024 1166 2070; x_wconf 85' lang='lat' dir='ltr'>nihil</span> <span class='ocrx_word' id='word_1_202' title='bbox 1196 2041 1306 2071; x_wconf 91' lang='lat' dir='ltr'>esse</span> <span class='ocrx_word' id='word_1_203' title='bbox 1334 2024 1471 2088; x_wconf 92' lang='lat' dir='ltr'>quod</span> <span class='ocrx_word' id='word_1_204' title='bbox 1498 2027 1634 2071; x_wconf 91' lang='lat' dir='ltr'>nosci</span> <span class='ocrx_word' id='word_1_205' title='bbox 1661 2027 1850 2088; x_wconf 91' lang='lat' dir='ltr'>percipi</span> 
     </span>
     <span class='ocr_line' id='line_1_28' title="bbox 355 2093 1850 2158; baseline 0.001 -18"><span class='ocrx_word' id='word_1_206' title='bbox 355 2093 715 2157; x_wconf 84' lang='lat' dir='ltr'>comprehendi</span> <span class='ocrx_word' id='word_1_207' title='bbox 744 2098 920 2157; x_wconf 88' lang='lat' dir='ltr'>possit,</span> <span class='ocrx_word' id='word_1_208' title='bbox 952 2096 1016 2142; x_wconf 91' lang='lat' dir='ltr'>de</span> <span class='ocrx_word' id='word_1_209' title='bbox 1048 2112 1147 2158; x_wconf 93' lang='lat' dir='ltr'>quo</span> <span class='ocrx_word' id='word_1_210' title='bbox 1177 2094 1304 2142; x_wconf 91' lang='lat' dir='ltr'>haec</span> <span class='ocrx_word' id='word_1_211' title='bbox 1333 2101 1446 2142; x_wconf 89' lang='lat' dir='ltr'>tota</span> <span class='ocrx_word' id='word_1_212' title='bbox 1475 2098 1705 2158; x_wconf 90' lang='lat' dir='ltr'>quaestio</span> <span class='ocrx_word' id='word_1_213' title='bbox 1736 2103 1850 2142; x_wconf 87' lang='lat' dir='ltr'>est:</span> 
     </span>
     <span class='ocr_line' id='line_1_29' title="bbox 355 2163 1849 2229; baseline 0.001 -18"><span class='ocrx_word' id='word_1_214' title='bbox 355 2179 385 2211; x_wconf 87' lang='lat' dir='ltr'>e</span> <span class='ocrx_word' id='word_1_215' title='bbox 429 2166 610 2228; x_wconf 90' lang='lat' dir='ltr'>quibus</span> <span class='ocrx_word' id='word_1_216' title='bbox 655 2168 874 2229; x_wconf 93' lang='lat' dir='ltr'>primum</span> <span class='ocrx_word' id='word_1_217' title='bbox 920 2172 999 2213; x_wconf 90' lang='lat' dir='ltr'>est</span> <span class='ocrx_word' id='word_1_218' title='bbox 1044 2182 1153 2213; x_wconf 90' lang='lat' dir='ltr'>esse</span> <span class='ocrx_word' id='word_1_219' title='bbox 1199 2165 1403 2229; x_wconf 91' lang='lat' dir='ltr'>aliquod</span> <span class='ocrx_word' id='word_1_220' title='bbox 1445 2168 1607 2212; x_wconf 88' lang='lat' dir='ltr'>visum</span> <span class='ocrx_word' id='word_1_221' title='bbox 1649 2163 1849 2222; x_wconf 87' lang='lat' dir='ltr'>falsum,</span> 
     </span>
    </p>
   </div>
   <div class='ocr_carea' id='block_1_4' title="bbox 412 2271 1790 2314">
    <p class='ocr_par' dir='ltr' id='par_1_4' title="bbox 412 2271 1790 2314">
     <span class='ocr_line' id='line_1_30' title="bbox 412 2271 1790 2314; baseline 0.001 -1"><span class='ocrx_word' id='word_1_222' title='bbox 412 2273 429 2298; x_wconf 85' lang='lat'>²</span> <span class='ocrx_word' id='word_1_223' title='bbox 458 2271 712 2314; x_wconf 87' lang='lat' dir='ltr'>desiderant</span> <span class='ocrx_word' id='word_1_224' title='bbox 737 2272 898 2314; x_wconf 74' lang='lat' dir='ltr'>Christ.</span> <span class='ocrx_word' id='word_1_225' title='bbox 1297 2273 1314 2298; x_wconf 79' lang='lat'>²</span> <span class='ocrx_word' id='word_1_226' title='bbox 1343 2276 1386 2314; x_wconf 85' lang='lat' dir='ltr'>te</span> <span class='ocrx_word' id='word_1_227' title='bbox 1406 2273 1594 2314; x_wconf 75' lang='lat' dir='ltr'>inseruit</span> <span class='ocrx_word' id='word_1_228' title='bbox 1613 2272 1790 2314; x_wconf 72' lang='lat' dir='ltr'>Davies.</span> 
     </span>
    </p>
   </div>
   <div class='ocr_carea' id='block_1_5' title="bbox 357 2381 1843 2592">
    <p class='ocr_par' dir='ltr' id='par_1_5' title="bbox 357 2381 1843 2592">
     <span class='ocr_line' id='line_1_31' title="bbox 412 2382 432 2402; baseline 0 0"><span class='ocrx_word' id='word_1_229' title='bbox 412 2382 432 2402; x_wconf 73' lang='lat'><em>⁰</em></span> 
     </span>
     <span class='ocr_line' id='line_1_32' title="bbox 417 2381 1843 2484; baseline 0.001 -12"><span class='ocrx_word' id='word_1_230' title='bbox 417 2431 433 2456; x_wconf 53' lang='grc' dir='ltr'><strong>ὃ</strong></span> <span class='ocrx_word' id='word_1_231' title='bbox 461 2381 598 2472; x_wconf 55' lang='grc' dir='ltr'>ἓὶἐὶῗίῃ</span> <span class='ocrx_word' id='word_1_232' title='bbox 632 2432 882 2473; x_wconf 86' lang='lat' dir='ltr'>arithmetic</span> <span class='ocrx_word' id='word_1_233' title='bbox 914 2431 1146 2484; x_wconf 83' lang='lat' dir='ltr'>expressed</span> <span class='ocrx_word' id='word_1_234' title='bbox 1179 2432 1255 2473; x_wconf 88' lang='lat' dir='ltr'>the</span> <span class='ocrx_word' id='word_1_235' title='bbox 1287 2433 1545 2484; x_wconf 83' lang='lat' dir='ltr'>proportion</span> <span class='ocrx_word' id='word_1_236' title='bbox 1577 2430 1628 2472; x_wconf 88' lang='lat' dir='ltr'>of</span> <span class='ocrx_word' id='word_1_237' title='bbox 1658 2434 1709 2473; x_wconf 88' lang='grc'>19</span> <span class='ocrx_word' id='word_1_238' title='bbox 1742 2435 1790 2474; x_wconf 86' lang='lat' dir='ltr'>to</span> <span class='ocrx_word' id='word_1_239' title='bbox 1824 2434 1843 2475; x_wconf 87' lang='lat'><strong>1</strong></span> 
     </span>
     <span class='ocr_line' id='line_1_33' title="bbox 357 2483 1572 2592; baseline 0 -66"><span class='ocrx_word' id='word_1_240' title='bbox 357 2484 598 2588; x_wconf 54' lang='grc' dir='ltr'>ὸγοεὲζὲηέ</span> <span class='ocrx_word' id='word_1_241' title='bbox 607 2486 818 2592; x_wconf 34' lang='lat' dir='ltr'>{gagg-19</span> <span class='ocrx_word' id='word_1_242' title='bbox 840 2488 876 2527; x_wconf 91' lang='lat' dir='ltr'>is</span> <span class='ocrx_word' id='word_1_243' title='bbox 895 2490 1069 2539; x_wconf 86' lang='lat' dir='ltr'>greater</span> <span class='ocrx_word' id='word_1_244' title='bbox 1087 2486 1196 2526; x_wconf 85' lang='lat' dir='ltr'>than</span> <span class='ocrx_word' id='word_1_245' title='bbox 1221 2489 1238 2527; x_wconf 95' lang='lat'>1</span> <span class='ocrx_word' id='word_1_246' title='bbox 1262 2485 1325 2536; x_wconf 89' lang='lat' dir='ltr'>by</span> <span class='ocrx_word' id='word_1_247' title='bbox 1349 2488 1399 2528; x_wconf 88' lang='grc'>18</span> <span class='ocrx_word' id='word_1_248' title='bbox 1419 2483 1572 2538; x_wconf 86' lang='lat' dir='ltr'>parts.’</span> 
     </span>
    </p>
   </div>
   <div class='ocr_carea' id='block_1_6' title="bbox 358 2607 454 2652">
    <p class='ocr_par' dir='ltr' id='par_1_6' title="bbox 358 2607 454 2652">
     <span class='ocr_line' id='line_1_34' title="bbox 358 2607 454 2652; baseline 0 -1"><span class='ocrx_word' id='word_1_249' title='bbox 358 2607 454 2652; x_wconf 87' lang='lat'>570</span> 
     </span>
    </p>
   </div>
  </div>
 </body>
</html>
