1919 3006
971 125 1223 173 CICERO

348 253 604 302 accedere.
676 252 1042 299 Introducebat
1077 255 1234 299 etiam
1268 251 1574 309 Carneades,
1608 270 1710 300 non
1743 269 1844 317 quo

348 333 587 395 probaret
618 331 709 377 sed
739 337 798 376 ut
829 337 1111 392 opponeret
1142 329 1338 386 Stoicis,
1370 347 1623 377 summum
1653 331 1843 378 bonum

349 426 458 456 esse
487 407 585 455 frui
613 408 764 454 rebus
793 410 852 454 iis
882 423 1007 470 quas
1035 410 1221 470 primas
1251 414 1435 454 natura
1462 407 1841 455 conciliavisset.

349 486 579 534 Honeste
611 492 784 531 autem
813 487 998 540 vivere,
1029 485 1165 548 quod
1194 485 1408 532 ducatur
1437 501 1468 531 a
1494 485 1844 532 conciliatione

349 571 581 619 naturae,
637 562 773 609 Zeno
829 565 1012 609 statuit
1066 561 1220 608 finem
1275 577 1385 609 esse
1439 563 1704 618 bonorum,
1759 554 1844 626 qui

348 644 581 688 inventor
605 647 660 687 et
681 643 914 703 princeps
938 638 1220 686 Stoicorum
1243 637 1356 686 fuit.

249 729 325 769 132
413 717 608 765 XLIII.
646 716 811 763 “Iam
842 716 966 763 illud
1005 719 1329 779 perspicuum
1371 723 1468 773 est,
1499 717 1732 764 omnibus
1771 715 1849 764 his

350 797 533 843 finibus
572 796 820 842 bonorum
863 811 987 857 quos
1031 797 1240 856 exposui
1280 793 1528 841 malorum
1570 794 1695 842 fines
1737 810 1849 842 esse

350 876 640 922 contrarios.
705 871 788 919 Ad
816 887 902 918 vos
932 888 1065 918 nunc
1092 870 1257 918 refero
1288 887 1441 934 quem
1469 887 1670 935 sequar,
1698 871 1850 918 modo

351 967 416 999 ne
453 954 563 1015 quis
598 949 721 996 illud
745 957 852 996 tam
887 948 1198 995 ineruditum
1235 949 1611 1013 absurdumque
1644 965 1850 1012 respon-

350 1029 489 1093 deat,
516 1027 526 1044 ‘
552 1026 865 1087 Quemlibet‚
890 1026 1042 1074 modo
1070 1025 1291 1090 aliquem
1315 1025 1325 1042 '
1350 1042 1362 1074 t
1406 1025 1529 1073 nihil
1554 1033 1728 1090 potest
1753 1026 1850 1073 dici

350 1105 782 1154 inconsideratius.
838 1103 997 1167 Cupio
1010 1107 1153 1168 sequi
1169 1103 1389 1151 Stoicos:
1415 1103 1850 1152 licetne—omitto

350 1201 441 1248 per
481 1182 830 1238 Aristotelem,
869 1198 984 1229 meo
1024 1182 1208 1229 iudicio
1247 1185 1300 1228 in
1338 1180 1655 1245 philosophia
1692 1197 1850 1245 prope

351 1261 816 1327 singularem-per
863 1263 1029 1323 ipsum
1076 1258 1429 1307 Antiochum?
1492 1262 1582 1323 qui
1631 1258 1850 1322 appella·

350 1341 503 1388 batur
526 1339 880 1394 Academicus,
915 1344 1027 1384 erat
1061 1337 1304 1401 quidem,1
1330 1340 1370 1384 si
1404 1353 1659 1400 perpauca
1686 1344 1852 1384 muta-'

352 1422 523 1474 visset,
548 1419 958 1482 germanissimus
984 1414 1195 1462 Stoicus.
1255 1415 1368 1461 Erit
1391 1418 1546 1479 igitur
1570 1431 1650 1462 res
1674 1417 1775 1461 iam
1799 1417 1851 1461 in

352 1497 656 1551 discrimine,
699 1509 817 1541 nam
861 1500 949 1540 aut
996 1492 1192 1540 Stoicus
1239 1496 1607 1539 constituatur²
1651 1495 1851 1555 sapiens

353 1581 445 1630 aut
476 1576 662 1620 veteris
696 1571 1020 1619 Academiae.
1091 1570 1381 1633 Utrumque
1415 1587 1516 1617 non
1549 1576 1738 1633 potest,
1773 1576 1853 1616 est

353 1654 652 1701 eniminter
684 1666 768 1696 eos
801 1666 901 1695 non
938 1648 1001 1696 de
1038 1651 1265 1695 terminis
1302 1648 1393 1695 sed
1422 1648 1486 1695 de
1517 1654 1630 1694 tota
1658 1663 1852 1710 posses-

353 1733 493 1777 sione
533 1730 811 1782 contentio,
852 1742 970 1772 nam
1011 1729 1171 1772 omnis
1210 1728 1340 1772 ratio
1381 1728 1516 1772 vitae
1557 1725 1852 1771 definitione

353 1809 534 1854 summi
558 1807 677 1852 boni
701 1807 1007 1859 continetur,
1033 1803 1096 1850 de
1122 1820 1224 1866 qua
1247 1806 1330 1866 qui
1357 1803 1604 1849 dissident
1628 1802 1692 1849 de
1717 1804 1851 1848 omni

354 1888 489 1931 vitae
524 1886 721 1930 ratione
757 1881 1018 1928 dissident.
1090 1881 1204 1927 Non
1238 1887 1410 1943 potest
1444 1883 1601 1943 igitur
1635 1886 1851 1942 uterque

355 1977 465 2008 esse
500 1963 718 2024 sapiens,
755 1962 993 2022 quoniam
1028 1965 1175 2004 tanto
1211 1974 1365 2021 opere
1402 1957 1726 2012 dissentiunt,
1762 1955 1851 2002 sed

355 2038 498 2086 alter.
584 2036 634 2084 Si
687 2036 1039 2091 Polemoneus,
1090 2042 1270 2098 peccat
1323 2034 1519 2081 Stoicus
1568 2037 1642 2080 rei
1692 2032 1850 2080 falsae

354 2117 830 2163 adsentiens—nam
878 2130 963 2160 vos
1011 2113 1236 2176 quidem³
1283 2111 1406 2158 nihil
1453 2128 1562 2158 esse
1609 2111 1773 2158 dicitis
1819 2126 1850 2157 a

353 2197 584 2256 sapiente
607 2199 713 2239 tam
738 2191 958 2237 alienum
981 2206 993 2246 ;
1033 2193 1109 2237 sin
1131 2206 1251 2237 vera
1272 2196 1391 2236 sunt
1412 2189 1644 2244 Zenonis,
1667 2188 1846 2235 eadem

414 2315 431 2339 ¹
459 2314 640 2368 quidem
660 2331 670 2354 ε
703 2317 852 2353 autem
874 2314 895 2353 ?
915 2313 981 2353 ed.

415 2370 432 2394 ²
457 2370 749 2410 constituetur
768 2367 1021 2406 Lambinus.

414 2425 430 2449 ³
461 2437 565 2463 nam
591 2436 669 2463 vos
691 2420 873 2474 quidem
896 2420 1060 2461 Davies
1077 2436 1089 2460 ε
1129 2433 1238 2460 num
1265 2418 1446 2473 quidem
1470 2419 1623 2460 vodda
1654 2430 1848 2470 namque

356 2476 475 2518 idem
494 2477 625 2518 Reid.

357 2542 451 2589 638
