1853 3001
934 196 1184 244 CICERO

313 342 343 374 e
388 330 550 375 terris.
634 327 727 374 Cui
763 335 976 390 nuptam
1019 329 1213 375 dieunt1
1251 327 1602 392 Proserpinam
1648 329 1805 394 (quod

315 394 623 441 Graecorum
649 412 835 441 nomen
870 403 965 451 est,
993 412 1054 442 ea
1087 400 1222 442 enim
1257 404 1335 443 est
1360 413 1491 459 quae
1518 396 1803 458 Περσεφόνη

316 461 510 509 Graece
558 462 866 526 nominatur)
912 491 977 497 —
1024 480 1176 526 quam
1222 462 1424 527 frugum
1472 481 1647 511 semen
1695 481 1804 512 esse

315 529 490 576 volunt
548 530 998 593 absconditamque
1054 534 1229 593 quaeri
1283 548 1312 577 a
1364 538 1529 578 matre
1588 531 1802 595 fingunt.

240 604 291 644 67
318 596 491 643 Mater
507 604 678 644 autem
701 605 780 644 est
802 615 830 644 a
852 598 1088 660 gerendis
1102 597 1331 661 frugibus
1347 598 1499 646 Ceres
1522 598 1805 662 (tamquam

317 663 494 719 Geres,
556 681 776 727 casuque
838 668 1001 727 prima
1060 665 1234 712 littera
1293 666 1473 712 itidem
1534 669 1806 713 immutata

316 737 374 777 ut
408 747 437 777 a
471 730 710 787 Graecis3
763 748 881 777 nam
929 733 993 778 ab
1025 732 1118 778 illis
1162 749 1364 795 quoque
1398 732 1629 794 Δημήτηρ
1663 736 1805 796 quasi

316 798 379 859 γῆ
422 798 579 859 μήτηρ
605 802 866 845 nominata
903 798 1017 862 est).
1105 799 1214 845 Iam
1251 803 1337 863 qui
1371 817 1559 864 magna
1582 807 1808 848 verteret

319 864 541 921 Mavors,
596 865 831 912 Minerva
883 873 1056 913 autem
1109 883 1241 929 quae
1293 867 1371 913 vel
1422 871 1677 915 minueret
1728 867 1806 914 vel

315 935 610 980 minaretur.
678 933 893 980 XXVII.
930 933 1161 996 Cumque
1189 937 1241 980 in
1269 935 1501 982 omnibus
1528 935 1679 982 rebus
1706 937 1806 981 vim

317 998 567 1047 haberent
606 1017 900 1047 maxumam
939 1004 1103 1064 prima
1145 1008 1198 1048 et
1240 1008 1488 1058 extrema,
1528 1005 1807 1065 principem

315 1069 368 1113 in
392 1067 716 1115 sacrificando
742 1068 922 1114 Ianum
949 1085 1058 1115 esse
1082 1068 1368 1126 voluerunt,
1392 1068 1529 1132 quod
1552 1069 1616 1116 ab
1642 1069 1810 1116 eundo

317 1150 504 1181 nomen
555 1142 634 1182 est
684 1136 912 1192 ductum,
964 1152 1027 1182 ex
1079 1152 1179 1199 quo
1229 1139 1554 1183 transitiones
1603 1139 1810 1200 perviae

317 1202 418 1248 iani
442 1200 678 1265 foresque
700 1206 753 1249 in
776 1203 1030 1250 liminibus
1049 1201 1375 1266 profanarum
1399 1204 1602 1251 aedium
1625 1207 1809 1250 ianuae

318 1272 657 1316 nominantur.
728 1269 858 1316 Iam²
905 1270 1094 1317 Vestae
1141 1287 1328 1317 nomen
1375 1287 1405 1317 a
1447 1270 1688 1327 Graecis;
1747 1287 1809 1317 ea

320 1343 399 1382 est
447 1340 581 1383 enim
629 1353 760 1400 quae
809 1338 873 1384 ab
918 1338 1012 1384 illis
1049 1337 1217 1383 Ἑστία
1264 1338 1482 1394 dicitur3
1525 1341 1597 1385 vis
1634 1344 1808 1385 autem

319 1406 426 1450 eius
468 1404 532 1451 ad
573 1421 682 1451 aras
725 1411 779 1452 et
818 1403 954 1452 focos
994 1408 1238 1468 pertinet,
1277 1408 1454 1468 itaque
1498 1408 1551 1451 in
1592 1421 1654 1452 ea
1693 1404 1808 1461 dea,

319 1470 456 1533 quod
481 1478 560 1518 est
582 1488 751 1518 rerum
775 1479 943 1519 custos
967 1475 1296 1529 intumarum,
1320 1475 1481 1519 omnis
1506 1479 1561 1519 et
1582 1475 1810 1535 precatio

242 1544 294 1584 68
319 1545 373 1584 et
413 1538 710 1586 sacrificatio
753 1546 985 1587 extrema
1020 1547 1113 1588 est.
1184 1539 1290 1587 Nec
1330 1539 1481 1603 longe
1517 1540 1704 1587 absunt
1744 1539 1810 1586 ab

318 1603 413 1651 hac
449 1609 495 1652 vi
533 1606 603 1653 di³
641 1606 861 1654 Penates
897 1610 1001 1654 sive
1039 1624 1069 1654 a
1103 1623 1240 1670 penu
1279 1607 1433 1654 ducto
1469 1609 1672 1654 nomine
1708 1606 1810 1670 (est

321 1676 456 1718 enim
489 1689 639 1720 omne
676 1690 776 1736 quo
813 1680 1086 1721 vescuntur
1119 1673 1347 1721 homines
1388 1673 1570 1737 penus)
1604 1676 1709 1721 sive
1744 1673 1809 1720 ab

321 1754 381 1785 eo
416 1740 553 1802 quod
585 1744 789 1803 penitus
822 1742 1063 1797 insident,
1097 1757 1161 1788 ex
1196 1757 1296 1804 quo
1331 1744 1487 1788 etiam
1519 1740 1809 1804 penetrales

320 1822 350 1852 a
380 1811 545 1869 poetis
577 1816 835 1855 vocantur.
904 1809 1014 1855 Iam
1046 1808 1292 1870 Apollinis
1324 1823 1510 1855 nomen
1542 1814 1622 1855 est
1653 1806 1810 1854 Grae-

319 1889 451 1930 cum,
500 1891 653 1937 quem
694 1876 851 1923 solem
895 1892 1003 1922 esse
1045 1876 1237 1931 volunt,
1279 1875 1499 1922 Dianam
1540 1882 1714 1922 autem
1756 1881 1810 1921 et

321 1940 492 1986 lunam
531 1943 746 1990 eandem
784 1959 894 1990 esse
926 1950 1128 2005 putant,
1162 1948 1297 1990 cum⁴
1329 1943 1401 1990 sol
1433 1943 1598 1990 dictus
1629 1945 1696 1989 sit
1730 1940 1810 1988 vel

321 2011 439 2070 quia
469 2009 601 2056 solus
634 2026 696 2056 ex
728 2011 959 2057 omnibus
990 2011 1237 2057 sideribus
1269 2017 1348 2057 est
1377 2016 1551 2057 tantus
1582 2008 1662 2056 vel
1692 2011 1811 2071 quia

321 2091 435 2121 cum
473 2083 552 2124 est
588 2084 793 2124 exortus
830 2078 1107 2125 obscuratis
1143 2077 1375 2124 omnibus
1410 2077 1543 2123 solus
1579 2082 1812 2139 apparet,

403 2162 419 2186 ¹
452 2167 637 2213 nuptam
659 2163 811 2204 dicunt
831 2178 912 2205 om.
934 2165 995 2212 A,
1017 2164 1069 2206 B.
1187 2164 1204 2189 ²
1234 2166 1321 2204 iam
1350 2163 1580 2215 Wijlfflein:
1620 2176 1738 2203 nam.

313 2269 409 2277 ᾗ
498 2217 515 2241 ³
547 2220 588 2257 vi
607 2217 680 2258 di:
713 2218 803 2258 divi
828 2218 862 2258 B
882 2232 991 2259 corr.
1246 2219 1264 2243 ⁴
1292 2231 1482 2268 cumque
1507 2216 1678 2268 Mayor.

392 2293 411 2311 ‘²
443 2288 691 2339 Euripides,
711 2288 949 2336 Phaethon,
969 2289 1024 2329 fr.
1047 2291 1154 2329 775:

544 2348 573 2384 ὦ
604 2348 876 2395 καλλιφεγγὲς
899 2345 1027 2395 ”Ηλι’,
1062 2348 1110 2385 ὥς
1137 2344 1174 2393 μ’
1204 2346 1419 2384 ἀπώλεσας

548 2402 614 2438 καὶ
643 2401 769 2438 τόνδ’·
816 2399 1010 2438 Ἀπόλλω
1039 2400 1071 2438 δ’
1103 2402 1144 2438 ἐν
1173 2400 1331 2449 βροτοῖς
1359 2398 1398 2438 σ’
1428 2399 1551 2449 ὀρθῶς
1580 2397 1700 2438 καλεῖ

548 2456 654 2493 ὅστις
680 2455 730 2491 τὰ
760 2454 923 2503 σιγῶντ’
956 2452 1115 2499 ὀνόματ’
1146 2455 1225 2492 οἶδε
1257 2453 1466 2498 δαιμόνων.

333 2507 424 2549 But
450 2508 592 2558 Plato,
618 2509 840 2561 cratylus,
864 2511 948 2550 405
973 2509 1329 2555 Ἀπόλλων--ἅμα
1360 2510 1489 2547 ποδῶν
1512 2537 1522 2548 .
1546 2537 1556 2547 .
1579 2536 1590 2548 .
1610 2508 1683 2554 τὴν
1714 2503 1809 2554 ὁμοῦ

334 2566 508 2611 πόλησιν
531 2567 594 2603 καὶ
611 2567 701 2616 περὶ
715 2566 783 2603 τὸν
807 2565 970 2616 οὐρανὸν
993 2593 1004 2606 .
1026 2592 1037 2605 .
1060 2592 1071 2604 .
1094 2566 1158 2604 καὶ
1178 2564 1269 2615 περὶ
1287 2563 1360 2612 τὴν
1377 2565 1419 2602 ἐν
1433 2560 1486 2613 τῇ
1499 2561 1532 2612 (μ’
1539 2560 1585 2610 δῇ
1602 2561 1808 2611 ἁρμονίαν.

334 2632 426 2674 188
