1853 3001
883 178 1136 227 CICERO

263 327 417 376 quam
440 310 646 373 quidem
670 309 851 356 Graeci

381 387 639 439 Engonasin
659 388 868 433 vocitant,
890 385 1079 439 genibus
1100 387 1207 439 quia
1227 387 1330 426 nixa
1349 387 1529 428 feratur.

380 441 452 482 hic
471 440 547 481 illa
566 441 726 481 eximio
746 442 891 492 posita
911 444 976 481 est
994 439 1169 493 fulgore
1191 439 1378 482 Corona.

263 508 437 570 Atque
473 505 599 552 haec
635 505 842 568 quidem
879 522 909 551 a
948 512 1113 569 tergo,
1148 512 1357 568 propter
1391 511 1546 569 caput
1581 511 1754 552 autem

264 576 638 638 Anguitenens,

153 651 232 691 109
379 663 511 701 quem
532 649 650 690 claro
672 648 906 701 perhibent
927 648 1215 701 Ophiuchum
1236 650 1416 690 nomine
1436 647 1574 691 Graii.

380 704 452 745 hic
471 717 624 756 pressu
646 703 813 755 duplici
833 702 1085 755 palmarum
1107 705 1302 744 continet
1323 704 1547 755 Anguem,

379 762 514 810 atque
535 759 627 798 eius
649 759 743 809 ipse
763 761 915 798 manet
935 756 1145 810 religatus
1166 771 1348 809 corpore
1368 761 1498 805 torto,

380 825 574 863 namque
594 813 739 852 virum
761 811 958 851 medium
979 824 1157 863 serpens
1179 811 1261 852 sub
1282 815 1462 863 pectora
1482 811 1635 864 cingit.

379 865 450 906 ille
469 870 620 906 tamen
641 867 784 906 nitens
805 867 997 918 graviter
1017 867 1203 918 vestigia
1221 867 1348 917 ponit

380 925 512 972 atque
534 918 683 960 oculos
705 923 866 971 urguet
886 919 1074 972 pedibus
1095 924 1338 972 pectusque
1359 918 1521 971 Nepai.

259 985 642 1049 Septentriones
665 992 839 1031 autem
860 988 1090 1047 sequitur

377 1060 696 1114 Arctophylax,
718 1060 853 1113 vulgo
874 1062 952 1113 qui
972 1060 1132 1101 dicitur
1153 1074 1246 1102 esse
1268 1060 1443 1109 Bootes,

378 1115 498 1168 quod
519 1117 646 1167 quasi
668 1116 832 1156 temoni
854 1115 1112 1156 adiunctam
1133 1128 1240 1167 prae
1260 1128 1306 1156 se
1326 1116 1472 1168 quatit
1494 1114 1696 1157 Arctum.

156 1188 237 1230 110
262 1181 396 1228 Dein
418 1197 549 1245 quae
572 1185 872 1244 sequuntur1
893 1197 902 1227 :
943 1179 1057 1227 huic
1080 1183 1235 1226 enim²
1256 1179 1403 1227 Booti

719 1256 869 1297 subter
889 1256 1147 1308 praecordia
1166 1256 1255 1297 fixa
1273 1255 1448 1297 videtur

375 1310 501 1353 stella
521 1312 689 1351 micans
710 1311 859 1358 radiis,
882 1312 1097 1351 Arcturus
1119 1313 1298 1352 nomine
1317 1310 1451 1359 claro,

255 1380 395 1425 cuius
417 1377 708 1439 <pedibus>⁸
731 1377 961 1423 subiecta
982 1375 1145 1423 fertur

373 1456 545 1506 spicum
566 1452 749 1494 inlustre
769 1458 921 1494 tenens
942 1451 1193 1505 splendenti
1212 1465 1394 1506 corpore
1414 1452 1569 1506 Virgo.

256 1519 450 1566 XLIII.
489 1519 665 1582 Atque
700 1522 775 1565 ita
810 1519 1061 1566 dimetata
1092 1521 1238 1583 signa
1268 1525 1388 1566 sunt
1419 1525 1479 1566 ut
1508 1520 1562 1564 in
1593 1519 1750 1565 tantis

256 1587 662 1650 discriptionibus
687 1587 856 1633 divina
879 1585 1102 1633 sollertia
1125 1591 1391 1649 appareat⁴
1414 1602 1426 1633 ι

374 1667 417 1704 et
436 1667 563 1703 natos
586 1661 798 1703 Geminos
819 1663 979 1703 invises
1000 1661 1083 1703 sub
1104 1667 1240 1714 caput
1260 1663 1399 1710 Arcti,

371 1717 594 1759 subiectus
616 1716 788 1757 mediae
808 1721 874 1757 est
895 1716 1077 1764 Cancer,
1099 1716 1376 1769 pedibusque
1396 1719 1569 1757 tenetur

374 1784 564 1824 magnus
588 1771 678 1811 Leo
698 1769 934 1811 tremulam
956 1772 1159 1823 quatiens
1180 1784 1205 1812 e
1224 1783 1406 1824 corpore
1426 1769 1669 1810 flammam.

258 1837 453 1900 Auriga
583 1872 621 1902 s

371 1912 454 1954 sub
474 1911 601 1952 laeva
622 1911 914 1953 Geminorum
935 1910 1155 1952 obductus
1175 1915 1302 1963 parte
1320 1912 1514 1958 feretum

371 1966 607 2007 adversum
627 1970 763 2018 caput
783 1965 887 2006 huic
908 1965 1088 2006 Helicae
1109 1964 1358 2006 truculenta
1377 1969 1542 2014 tuetur.

370 2025 418 2061 at
439 2020 586 2072 Capra
605 2019 781 2060 laevum
802 2033 1006 2060 umerum
1027 2019 1147 2060 clara
1166 2019 1349 2060 obtinet.

252 2085 403 2151 [Tum
425 2101 556 2149 quae
578 2092 860 2148 sequuntur
885 2083 936 2148 :]⁵

370 2175 522 2202 verum
546 2161 654 2201 haec
674 2165 740 2201 est
760 2174 925 2213 magno
947 2164 1082 2212 atque
1103 2159 1274 2200 inlustri
1295 2159 1496 2212 praedita
1515 2161 1654 2213 signo,

369 2220 523 2256 contra
545 2214 691 2256 Haedi
711 2216 921 2267 exiguum
943 2216 1108 2254 iaciunt
1130 2213 1387 2254 mortalibus
1410 2215 1572 2266 ignem.

370 2311 388 2337 ²
416 2310 518 2352 dein
549 2341 560 2351 .
592 2341 602 2351 .
635 2341 645 2351 .
676 2314 923 2363 sequuntur
946 2309 1106 2362 Mayor
1126 2314 1181 2350 tr.
1200 2314 1300 2362 post
1322 2308 1461 2362 Virgo
1483 2308 1621 2360 infra.

486 2365 503 2389 ²
530 2366 649 2405 enim
670 2377 750 2404 om.
777 2363 949 2416 Ilsayor.
1240 2363 1258 2387 ³
1288 2363 1392 2404 add.
1413 2363 1589 2404 Davies.

254 2419 274 2446 ⁸
304 2424 437 2472 atque
459 2449 469 2459 .
492 2449 502 2459 .
527 2449 536 2459 .
559 2421 774 2470 appareat
798 2417 958 2470 Mayor
979 2417 1027 2457 in
1046 2430 1081 2458 c.
1097 2416 1249 2468 xl.fin.
1268 2421 1323 2458 tr.
1459 2416 1476 2441 ⁵
1507 2415 1741 2470 Heindorf.

449 2547 470 2568 ⁰
500 2543 694 2596 Perhaps
714 2542 788 2584 the
808 2542 984 2584 harvest
1003 2542 1149 2595 began
1170 2541 1311 2583 under
1330 2541 1416 2583 this
1435 2543 1549 2596 sign.

258 2607 353 2655 226
