1919 3006
905 214 1158 265 CICERO

282 349 519 391 constant
569 343 830 392 videamus
882 360 1036 408 quem
1086 345 1288 408 probet,
1335 351 1414 393 est
1463 347 1599 393 enim
1648 347 1780 393 inter

282 448 493 496 magnos
517 431 747 480 homines
772 450 970 481 summa
993 434 1251 481 dissensio.

207 525 287 566 118
375 520 640 569 XXXVII.
679 521 707 538 “
731 521 970 585 Princeps
1004 521 1205 579 Thales,
1241 539 1370 570 unus
1405 538 1434 570 e
1469 529 1670 586 septem
1703 524 1783 570 cui

282 624 372 656 sex
397 609 617 674 reliquos
644 615 947 658 concessisse
974 615 1161 675 primas
1187 610 1377 667 ferunt,
1405 627 1469 658 ex
1496 627 1629 675 aqua
1654 610 1784 658 dixit

283 705 515 746 constare
553 702 735 747 omnia.
805 700 879 748 At
913 699 1008 747 hoc
1045 700 1426 748 Anaximandro
1461 699 1692 763 populari
1729 705 1784 746 et

283 785 440 834 sodali
461 803 551 835 suo
572 804 674 835 non
694 792 946 851 persuasit
968 804 979 845 3
1018 792 1060 836 is
1083 792 1218 836 enim
1238 789 1547 836 infinitatem
1567 795 1782 835 naturae

283 875 413 923 dixit
462 892 573 924 esse
623 892 652 924 e
701 893 804 941 qua
856 880 1025 924 omnia
1072 880 1419 942 gignerentur.
1503 875 1626 924 Post
1675 878 1782 923 eius

283 964 483 1012 auditor
510 965 856 1013 Anaximenes
892 966 1148 1014 infinitum
1184 972 1319 1022 aera,
1347 965 1439 1013 sed
1467 981 1530 1013 ea
1556 981 1687 1029 quae
1716 980 1781 1011 ex

284 1069 344 1100 eo
370 1061 635 1101 orerentur
667 1055 908 1111 definita3
945 1058 1086 1120 gigni
1123 1062 1298 1102 autem
1333 1062 1541 1110 terram,
1578 1070 1780 1118 aquam,

279 1144 469 1206 ignem,
492 1149 604 1190 tum
627 1159 692 1190 ex
712 1141 790 1190 his
813 1147 995 1191 omnia.
1065 1145 1396 1208 Anaxagoras
1418 1145 1687 1190 materiam
1707 1145 1781 1189 in-

279 1230 493 1287 finitam,
512 1231 603 1279 sed
622 1248 686 1279 ex
706 1248 768 1279 ea
785 1231 1057 1296 particulas
1077 1231 1262 1279 similes
1280 1235 1415 1279 inter
1433 1248 1505 1288 se,
1523 1234 1744 1278 minutas
1766 1244 1781 1287 ς

280 1334 366 1367 eas
404 1322 624 1383 primum
664 1319 914 1377 confusas,
954 1328 1135 1386 postea
1173 1324 1226 1367 in
1265 1321 1493 1369 ordinem
1534 1320 1779 1367 adductas

278 1415 454 1456 mente
491 1409 673 1456 divina.
745 1409 1108 1474 Xenophanes,
1140 1409 1291 1474 paulo
1322 1413 1479 1457 etiam
1508 1412 1779 1472 antiquior,

278 1514 436 1545 unum
465 1514 574 1545 esse
604 1502 773 1545 omnia
800 1515 968 1563 neque
995 1499 1048 1547 id
1077 1515 1186 1547 esse
1214 1497 1479 1554 mutabile,
1508 1504 1562 1546 et
1587 1497 1641 1545 id
1669 1513 1779 1545 esse

279 1585 451 1642 deum,
480 1603 648 1650 neque
681 1594 861 1635 natum
890 1604 1133 1651 umquam
1166 1595 1220 1635 et
1249 1590 1633 1650 sempiternum,
1664 1602 1779 1633 con-

278 1673 487 1738 globata
506 1675 667 1740 figura
685 1691 697 1731 3
729 1675 1056 1723 Parmenides
1072 1680 1245 1740 ignem
1264 1679 1351 1740 qui
1368 1682 1573 1723 moveat
1588 1682 1778 1722 terram

279 1779 411 1826 quae
442 1765 505 1811 ab
536 1780 596 1811 eo
625 1763 873 1812 formetur
896 1780 908 1821 3
956 1764 1244 1828 Leucippus
1273 1764 1481 1828 plenum
1510 1771 1565 1811 et
1591 1767 1779 1821 inane3

280 1851 603 1900 Democritus
639 1851 756 1900 huic
791 1856 845 1900 in
879 1852 974 1901 hoc
1011 1853 1200 1909 similis,
1237 1854 1437 1900 uberior
1472 1855 1525 1899 in
1561 1854 1778 1908 ceteris3

278 1940 613 2004 Empedocles
631 1940 758 1989 haec
775 1941 1074 2006 pervolgata
1092 1949 1146 1990 et
1163 1949 1286 1989 nota
1304 1948 1546 2006 quattuor
1569 1956 1582 1997 ;
1617 1940 1778 1987 Hera-

277 2028 424 2076 clitus
467 2033 673 2094 ignem3
729 2030 966 2078 Melissus
1012 2029 1107 2078 hoc
1154 2031 1291 2095 quod
1338 2037 1474 2078 esset
1519 2029 1774 2077 infinitum

279 2124 334 2165 et
368 2118 686 2166 immutabile
724 2126 778 2167 et
813 2118 967 2167 fuisse
1005 2136 1205 2183 semper
1247 2126 1301 2167 et
1335 2117 1458 2167 fore.
1527 2118 1673 2166 Plato
1710 2134 1774 2166 ex

277 2210 493 2254 materia
515 2210 568 2254 in
591 2223 645 2255 se
675 2211 845 2255 omnia
867 2211 1146 2272 recipiente
1174 2208 1421 2255 mundum
1445 2206 1638 2255 factum
1663 2223 1772 2255 esse

275 2303 451 2343 censet
482 2312 511 2343 a
540 2296 636 2344 deo
667 2300 1048 2360 sempiternum.
1119 2296 1426 2362 Pythagorei
1458 2313 1522 2344 ex
1550 2299 1772 2344 numeris

277 2390 332 2431 et
372 2383 850 2432 mathematicorum
890 2388 1044 2432 initiis
1085 2385 1329 2448 proficisci
1369 2384 1545 2432 volunt
1585 2387 1767 2432 omnia.

275 2471 353 2519 Ex
389 2471 465 2519 his
502 2472 659 2537 eliget
694 2480 863 2521 vester
899 2477 1098 2537 sapiens
1135 2491 1292 2521 unum
1329 2473 1566 2537 aliquem,
1601 2474 1769 2530 credo,

277 2637 306 2686 6
386 2579 405 2599 ⁰
436 2574 693 2616 Omnia=rb
712 2579 807 2618 πᾶν.
1211 2576 1228 2602 ⁶
1259 2575 1343 2618 See
1362 2577 1390 2617 i.
1411 2578 1466 2617 28
1486 2579 1590 2616 note
1610 2576 1653 2617 d.

313 2645 370 2685 18
