1919 3006
945 172 1196 221 CICERO

323 312 380 357 iis
410 327 534 374 quos
565 312 734 357 scierit
765 325 825 356 ea
861 325 1096 371 perverse
1136 316 1189 356 et
1217 308 1428 371 inprobe
1459 323 1649 354 usuros.
1709 304 1814 352 Nisi

322 380 454 428 forte
502 382 665 428 dicitis
715 397 827 428 eam
868 383 1101 428 nescisse.
1181 381 1394 428 Utinam
1437 377 1676 442 quidem!
1726 377 1815 424 sed

322 469 422 500 non
457 454 727 510 audebitis,
761 469 862 499 non
897 456 1032 499 enim
1066 456 1241 517 ignoro
1276 454 1454 515 quanti
1488 453 1595 497 eius
1628 464 1815 496 nomen

321 529 528 588 putetis.

244 603 296 643 79
384 597 601 644 XXXII.
641 596 795 646 “Sed
847 597 927 646 hic
981 598 1187 661 quidem
1241 596 1376 645 locus
1431 594 1659 644 concludi
1712 597 1812 640 iam

319 678 505 732 potest.
578 669 707 716 Nam
751 674 791 718 si
835 669 1053 717 stultitia
1097 686 1343 717 consensu
1387 671 1612 717 omnium
1654 665 1814 730 philo-

320 742 590 804 sophorum
621 746 781 790 maius
815 751 893 790 est
922 743 1112 789 malum
1143 759 1295 806 quam
1325 746 1366 790 si
1397 744 1565 789 omnia
1593 738 1728 787 mala
1757 745 1812 787 et

321 812 555 862 fortunae
614 823 668 863 et
724 819 940 878 corporis
1000 833 1063 863 ex
1121 815 1280 862 altera
1337 822 1483 878 parte
1540 819 1812 878 ponantur,

321 889 624 948 sapientiam
651 895 824 934 autem
849 904 999 934 nemo
1025 888 1338 950 adsequitur,
1362 890 1412 933 in
1438 889 1644 934 summis
1668 883 1812 932 malis

321 974 494 1005 omnes
534 976 705 1006 sumus
746 960 926 1022 quibus
967 976 1052 1006 vos
1093 967 1302 1022 optume
1343 957 1628 1006 consultum
1668 973 1697 1003 a
1736 956 1811 1003 dis

321 1030 670 1078 inmortalibus
710 1031 889 1078 dicitis.
960 1031 1090 1077 Nam
1130 1038 1190 1078 ut
1227 1030 1350 1077 nihil
1387 1033 1603 1077 interest
1641 1036 1812 1076 utrum

319 1117 469 1148 nemo
495 1101 664 1149 valeat
690 1118 754 1148 an
779 1119 929 1150 nemo
954 1107 1113 1166 possit
1139 1103 1324 1160 valere,
1350 1107 1419 1150 sic
1444 1120 1546 1149 non
1569 1100 1814 1165 intellego

321 1175 443 1236 quid
473 1178 675 1222 intersit
707 1183 878 1223 utrum
910 1192 1061 1223 nemo
1093 1180 1159 1224 sit
1190 1180 1390 1240 sapiens
1423 1192 1490 1224 an
1519 1192 1670 1222 nemo
1703 1189 1813 1221 esse

319 1250 492 1308 possit.

385 1317 413 1334 “
432 1319 508 1366 Ac
537 1336 627 1366 nos
653 1320 859 1383 quidem
895 1323 1041 1368 nimis
1077 1320 1240 1368 multa
1276 1321 1341 1368 de
1364 1337 1420 1368 re
1445 1323 1812 1383 apertissuma;

318 1387 527 1437 Telamo
570 1398 744 1438 autem
777 1408 877 1438 uno
910 1408 1057 1440 versu
1089 1391 1254 1440 locum
1289 1399 1459 1440 totum
1491 1392 1691 1440 conficit
1727 1406 1814 1438 cur

321 1461 373 1509 di
397 1461 624 1510 homines
648 1463 928 1528 neglegant
951 1481 962 1512 z

380 1594 484 1622 narn
520 1595 555 1677 {1
589 1587 757 1631 curent,
789 1583 902 1625 bene
934 1583 1063 1625 bonis
1092 1586 1163 1633 sit,
1195 1585 1310 1627 male
1343 1585 1500 1633 malis;
1543 1584 1661 1638 quod
1698 1596 1817 1626 nunc

492 1650 518 1677 a
552 1641 629 1678 est.

323 1735 599 1783 Debebant
625 1736 694 1783 illi
722 1738 929 1801 quidem
956 1742 1115 1785 omnis
1142 1740 1299 1786 bonos
1326 1739 1540 1794 efficere,
1567 1737 1816 1800 siquidem

244 1811 299 1851 80
322 1805 583 1853 hominum
617 1813 793 1873 generi
842 1809 1208 1866 consulebant3
1261 1814 1337 1857 sin
1370 1811 1423 1858 id
1455 1814 1638 1866 minus,
1672 1810 1817 1856 bonis

322 1880 529 1942 quidem
565 1888 704 1928 certe
747 1882 1006 1930 consulere
1049 1883 1324 1931 debebant.
1386 1883 1487 1930 Cur
1526 1887 1682 1948 igitur
1716 1882 1818 1930 duo

322 1950 596 2015 Scipiones,
633 1952 928 2002 fortissimos
967 1962 1020 2002 et
1056 1959 1272 2018 optimos
1309 1959 1456 2009 viros,
1484 1959 1536 2002 in
1572 1955 1818 2018 Hispania

323 2023 520 2071 Poenus
559 2028 849 2088 oppressit?
898 2045 985 2075 cur
1017 2028 1272 2076 Maximus
1304 2029 1488 2076 extulit
1518 2028 1674 2075 filium
1703 2044 1818 2075 con-

322 2096 581 2144 sularem?
631 2115 718 2145 cur
757 2099 1056 2147 Marcellum
1093 2100 1350 2148 Hannibal
1385 2101 1682 2148 interemit?
1730 2117 1818 2147 cur

324 2169 537 2216 Paulum
584 2169 790 2218 Cannae
835 2172 1191 2219 sustulerunt?
1246 2190 1334 2220 cur
1379 2172 1664 2221 Poenorum
1709 2191 1817 2220 cru-

323 2241 523 2289 delitati
543 2242 724 2307 Reguli
744 2259 922 2306 corpus
944 2252 1022 2292 est
1047 2245 1334 2307 praebitum
1359 2246 1376 2292 ?
1415 2262 1503 2292 cur
1521 2245 1816 2293 Africanum

324 2315 588 2362 domestici
618 2319 839 2378 parietes
871 2333 972 2362 non
1003 2317 1287 2363 texerunt?
1355 2315 1455 2365 Sed
1484 2316 1611 2365 haec
1642 2326 1818 2366 vetera

392 2428 412 2448 ⁰
443 2423 574 2464 From
614 2423 823 2466 Ennius’s
865 2425 1094 2466 Telamon:
1143 2425 1218 2466 the
1255 2425 1362 2467 hero
1395 2427 1432 2468 is
1468 2426 1707 2481 bewailing
1741 2426 1816 2470 the

331 2475 464 2518 death
486 2480 536 2518 of
553 2479 680 2530 Ajax.

393 2530 408 2555 ⁶
438 2531 522 2572 See
542 2535 584 2573 ii.
612 2535 663 2574 14
683 2536 787 2574 note
803 2545 840 2576 ο.

330 2593 426 2643 364
