1919 3006
931 189 1183 237 CICERO

309 315 442 364 Nam
510 333 625 363 cum
692 316 1060 380 philosophiam
1129 319 1352 364 viderem
1421 318 1806 382 diligentissime

310 384 515 431 Graecis
533 385 715 430 litteris
736 385 1058 447 explicatam,
1078 388 1360 432 existimavi
1379 388 1418 432 si
1437 389 1523 448 qui
1541 386 1605 433 de
1623 389 1805 432 nostris

311 456 416 498 eius
459 452 625 498 studio
667 459 984 508 tenerentur,
1025 456 1066 498 si
1108 460 1278 500 essent
1320 452 1524 499 Graecis
1566 453 1804 500 doctrinis

311 519 514 574 eruditi,
548 519 743 565 Graeca
774 523 942 581 potius
976 536 1129 582 quam
1161 527 1334 566 nostra
1363 519 1618 576 lecturos;
1667 523 1744 566 sin
1776 536 1807 566 a

311 585 620 633 Graecorum
642 586 833 633 artibus
857 594 910 633 et
931 587 1201 649 disciplinis
1225 587 1572 644 abhorrerent,
1593 603 1658 634 ne
1678 586 1806 633 haec

310 653 518 716 quidem
544 660 804 700 curaturos
833 670 964 717 quae
991 657 1099 701 sine
1128 655 1411 701 eruditione
1440 654 1636 701 Graeca
1660 654 1809 701 intel-

309 720 411 784 legi
437 737 539 767 non
564 727 777 783 possunt
800 736 812 777 3
856 725 1032 784 itaque
1061 738 1122 768 ea
1147 721 1283 768 nolui
1311 722 1530 768 scribere
1557 737 1689 785 quae
1715 736 1810 768 nec

308 788 498 835 indocti
523 788 824 851 intellegere
848 795 1057 851 possent
1080 805 1175 835 nec
1200 789 1335 836 docti
1358 789 1532 852 legere
1557 795 1807 835 curarent.

259 865 286 904 5
308 854 462 902 Vides
497 862 671 901 autem
705 856 908 918 (eadem
943 859 1078 902 enim
1110 859 1219 918 ipse
1252 856 1490 919 didicisti)
1525 872 1626 903 non
1662 871 1812 918 posse

310 939 399 969 nos
421 922 642 969 Amafini
665 930 754 969 aut
776 922 947 969 Rabiri
970 923 1156 969 similes
1180 940 1307 979 esse,
1329 927 1415 986 qui
1436 923 1574 970 nulla
1595 930 1706 970 arte
1728 923 1814 970 ad-

309 988 471 1036 hibita
487 990 552 1037 de
568 991 719 1036 rebus
739 997 859 1036 ante
877 990 1044 1037 oculos
1061 994 1237 1053 positis
1255 991 1448 1054 vulgari
1466 1006 1698 1037 sermone
1716 990 1813 1037 dis·

308 1064 513 1120 putant,
536 1056 659 1103 nihil
683 1057 949 1113 definiunt,
973 1057 1096 1104 nihil
1119 1061 1427 1120 partiuntur,
1450 1057 1573 1104 nihil
1597 1064 1719 1120 apta
1740 1060 1814 1103 in-

308 1128 655 1188 terrogatione
684 1124 1009 1181 concludunt,
1038 1125 1228 1171 nullam
1257 1126 1478 1188 denique
1507 1132 1671 1172 artem
1700 1140 1811 1171 esse

309 1208 403 1238 nec
427 1192 627 1239 dicendi
649 1208 744 1238 nec
767 1193 1046 1240 disserendi
1069 1199 1270 1255 putant.
1342 1193 1445 1239 Nos
1470 1199 1645 1239 autem
1666 1207 1813 1254 prae-

309 1262 470 1322 ceptis
517 1259 896 1306 dialecticorum
943 1266 998 1306 et
1051 1267 1307 1306 oratorum
1355 1263 1529 1316 etiam,
1575 1262 1815 1323 quoniam

308 1333 579 1389 utramque
595 1330 696 1372 vim
712 1330 955 1374 virtutem
973 1343 1081 1373 esse
1097 1330 1253 1374 nostri
1270 1334 1474 1390 putant,
1490 1330 1559 1373 sic
1573 1333 1814 1390 parentes

308 1400 368 1440 ut
382 1393 598 1457 legibus,
609 1395 773 1440 verbis
791 1411 994 1457 quoque
1009 1398 1148 1441 novis
1167 1398 1392 1458 cogimur
1407 1397 1500 1450 uti,
1512 1410 1643 1457 quae
1660 1394 1813 1448 docti,

309 1468 368 1507 ut
395 1461 517 1517 dixi,
546 1478 576 1508 a
604 1461 809 1508 Graecis
837 1469 1017 1524 petere
1044 1462 1257 1518 malent,
1284 1462 1475 1510 indocti
1502 1477 1568 1508 ne
1605 1478 1636 1508 a
1669 1461 1813 1507 nobis

311 1529 519 1591 quidem
546 1532 813 1591 accipient,
840 1536 899 1576 ut
924 1528 1114 1576 frustra
1139 1532 1299 1576 omnis
1327 1532 1629 1592 suscipiatur
1652 1528 1809 1574 labor.

262 1605 288 1644 6
315 1595 423 1642 Iam
447 1612 565 1642 vero
587 1595 813 1660 physica,
838 1599 879 1642 si
902 1596 1195 1659 Epicurum,
1217 1597 1271 1644 id
1295 1603 1373 1643 est
1396 1600 1437 1643 si
1461 1596 1814 1643 Democritum

309 1664 595 1726 probarem,
628 1680 830 1726 possem
863 1665 1081 1710 scribere
1113 1667 1187 1711 ita
1218 1663 1370 1727 plane
1405 1670 1465 1710 ut
1501 1663 1814 1717 Amafinius;

310 1731 433 1793 quid
469 1738 548 1778 est
584 1734 719 1777 enim
742 1747 1003 1793 magnum,
1035 1747 1151 1778 cum
1186 1747 1361 1778 causas
1396 1747 1566 1778 rerum
1601 1730 1817 1777 efficien-

373 1903 390 1921 α
422 1898 672 1950 Epicurean
705 1900 870 1938 writers
901 1897 1006 1937 with
1038 1911 1065 1937 a
1094 1896 1219 1949 large
1249 1896 1368 1944 sale;
1416 1898 1530 1938 their
1559 1896 1706 1938 works
1737 1911 1813 1938 are

313 1965 413 1993 now
435 1951 620 2003 entirely
642 1951 739 1992 lost.
794 1952 1012 2003 Epicurus
1035 1951 1216 1992 himself
1233 1951 1408 1992 decried
1430 1952 1505 1992 the
1527 1964 1605 1992 use
1627 1951 1676 1992 of
1693 1951 1814 1991 tech-

314 2005 430 2046 nical
460 2005 687 2058 language
720 2007 765 2045 in
799 2005 1082 2057 philosophy.
1146 2005 1239 2046 The
1272 2005 1462 2058 speaker
1493 2005 1597 2046 here
1628 2005 1811 2046 touches

313 2074 371 2100 on
403 2060 478 2100 the
509 2060 631 2100 three
663 2059 873 2111 accepted
906 2059 1208 2111 departments
1241 2059 1291 2099 of
1318 2059 1587 2112 philosophy
1618 2060 1664 2099 in
1695 2059 1810 2100 their

312 2113 579 2154 established
610 2113 751 2160 order,
783 2113 936 2164 Logic,
969 2113 1166 2165 Physics,
1196 2113 1364 2161 Ethics,
1393 2112 1539 2153 which
1572 2111 1708 2164 study
1741 2126 1808 2153 re-

307 2166 550 2220 spectively
582 2166 656 2207 the
696 2169 936 2218 questions,
973 2166 1072 2207 how
1105 2181 1170 2207 we
1209 2166 1345 2207 know
1381 2166 1456 2208 the
1493 2168 1606 2207 facts
1645 2167 1697 2207 of
1729 2166 1804 2207 the

303 2220 456 2268 world,
477 2220 596 2261 what
615 2220 742 2261 those
761 2221 874 2261 facts
899 2234 988 2269 are,
1009 2220 1099 2261 and
1125 2220 1445 2273 consequently
1464 2220 1585 2261 what
1611 2220 1806 2261 conduct

309 2274 399 2315 will
417 2287 567 2315 secure
588 2288 668 2315 our
687 2273 894 2315 welfare?
951 2274 961 2291 ‘
979 2274 1162 2327 Physics
1177 2274 1187 2291 ’
1208 2275 1277 2315 for
1300 2274 1375 2315 the
1401 2276 1598 2315 ancients
1625 2273 1704 2314 has
1725 2277 1804 2314 not

305 2328 380 2370 the
406 2328 576 2369 limited
602 2341 728 2369 sense
747 2328 845 2368 that
870 2328 946 2369 the
970 2331 1083 2368 term
1107 2328 1234 2368 bears
1265 2342 1379 2376 now,
1399 2328 1482 2369 but
1521 2328 1702 2369 denotes
1727 2327 1803 2368 the

305 2381 445 2423 whole
461 2383 511 2423 of
528 2381 718 2423 Natural
739 2381 934 2430 Science,
951 2381 1181 2435 including
1203 2381 1407 2435 Biology,
1422 2382 1567 2423 which
1587 2383 1623 2422 is
1643 2380 1803 2422 indeed

304 2436 520 2489 specially
539 2436 779 2488 suggested
802 2436 863 2489 by
881 2435 956 2476 the
982 2439 1110 2484 term,
1139 2449 1187 2476 as
1208 2440 1380 2487 φύεσθαι
1406 2437 1530 2478 often
1556 2448 1709 2477 means
1730 2435 1740 2452 ‘
1754 2438 1803 2476 to

308 2490 463 2543 grOW,’
485 2491 537 2531 of
552 2504 579 2530 a
600 2489 738 2541 living
758 2491 998 2542 organism.

360 2544 376 2568 ὁ
403 2544 698 2595 Interroyatio
718 2546 754 2584 is
770 2557 798 2584 a
816 2557 1040 2597 synonym
1059 2543 1129 2584 for
1143 2543 1275 2592 ratio,
1295 2543 1387 2584 and
1402 2541 1581 2584 renders
1601 2544 1796 2595 ἐρώτημα,

316 2614 412 2656 414
