1919 3006
968 209 1220 258 CICERO

245 346 324 387 132
349 347 524 386 tamen
588 338 750 387 multa
813 339 1108 405 dicuntur].²
1180 340 1481 387 Enumerari
1544 343 1680 388 enim
1742 357 1842 389 non

347 414 558 470 possunt
605 407 870 453 fluminum
912 410 1340 471 opportunitates,
1383 414 1553 455 aestus
1600 411 1839 455 maritimi

346 474 620 536 multum†²
657 475 958 521 accedentes
997 482 1049 522 et
1085 476 1403 531 recedentes,
1432 482 1632 523 montes
1670 478 1841 522 vestiti

348 549 505 604 atque
556 542 828 598 silvestres,
879 541 1069 589 salinae
1122 543 1185 589 ab
1237 559 1325 590 ora
1374 546 1629 590 maritima
1679 559 1841 590 remo-

347 612 590 665 tissimae,
638 610 1127 657 medicamentorum
1176 609 1472 657 salutarium
1519 609 1841 673 plenissimae

348 684 533 732 terrae,
560 683 716 724 artes³
742 677 962 741 denique
986 677 1379 724 innumerabiles
1401 677 1465 725 ad
1484 681 1674 725 victum
1699 684 1753 724 et
1777 677 1843 724 ad

348 746 506 790 vitam
548 747 878 792 necessariae.
949 744 1059 791 Iam
1102 745 1202 792 diei
1246 748 1510 808 noctisque
1554 745 1843 792 vicissitudo

348 818 613 858 conservat
651 815 935 859 animantes
973 813 1201 859 tribuens
1242 812 1377 859 aliud
1415 812 1600 876 agendi
1638 819 1842 874 tempus

349 877 485 926 aliud
531 879 839 942 quiescendi.
909 878 989 926 Sic
1032 880 1258 942 undique
1302 883 1436 926 omni
1485 882 1683 926 ratione
1729 895 1845 926 con-

348 945 569 992 cluditur
582 954 758 994 mente
776 946 1083 1010 consilioque
1100 947 1268 994 divino
1286 950 1457 994 omnia
1473 949 1526 993 in
1542 945 1637 993 hoc
1652 946 1844 994 mundo

347 1013 413 1061 ad
431 1012 649 1060 salutem
669 1017 893 1061 omnium
919 1017 1455 1078 conservationemque
1482 1013 1845 1061 admirabiliter

348 1081 701 1128 administrari.

243 1152 323 1194 133
413 1147 440 1164 “
466 1148 583 1195 Hic‘²
609 1155 822 1211 quaeret
849 1151 1115 1211 quispiam,
1136 1151 1396 1195 cuiusnam
1415 1164 1567 1195 causa
1584 1153 1845 1194 tantarum

346 1231 516 1262 rerum
551 1215 744 1263 molitio
781 1215 918 1262 facta
954 1216 1057 1263 sit?
1107 1216 1427 1263 Arborumne
1465 1221 1520 1263 et
1554 1213 1845 1272 herbarum,

347 1298 479 1346 quae
506 1299 816 1347 quamquam
840 1286 948 1330 sine
973 1299 1123 1330 sensu
1149 1290 1268 1330 sunt
1286 1290 1462 1330 tamen
1487 1299 1517 1330 a
1535 1289 1720 1329 natura
1738 1298 1845 1329 sus-

346 1352 614 1397 tinentur?
683 1351 753 1398 At
777 1351 830 1397 id
855 1351 1061 1413 quidem
1086 1351 1360 1397 absurdum
1385 1356 1478 1397 est.
1551 1350 1634 1397 An
1656 1350 1844 1397 bestia-

348 1418 502 1464 rum?
572 1416 739 1465 Nihilo
780 1417 1087 1481 probabilius
1135 1418 1256 1465 deos
1301 1422 1579 1464 mutorum⁵
1627 1423 1682 1464 et
1720 1415 1844 1463 nihil

347 1484 759 1548 intellegentium
812 1502 963 1532 causa
1014 1492 1218 1532 tantum
1273 1484 1542 1532 laborasse.
1612 1483 1842 1544 Quorum

346 1554 503 1614 igitur
544 1569 696 1599 causa
737 1556 847 1616 quis
890 1553 1077 1600 dixerit
1120 1551 1358 1599 effectum
1401 1567 1511 1599 esse
1552 1550 1842 1599 mundum?

347 1619 538 1666 Eorum
577 1619 768 1667 scilicet
808 1623 1143 1667 animantium
1183 1636 1314 1683 quae
1354 1622 1552 1666 ratione
1591 1625 1842 1674 utuntur3

347 1685 397 1732 hi
443 1694 562 1734 sunt
606 1688 657 1734 di
703 1694 757 1734 et
800 1686 1046 1743 homines,
1093 1688 1274 1750 quibus
1319 1685 1549 1748 profecto
1595 1685 1717 1732 nihil
1763 1692 1842 1733 est

346 1753 543 1810 melius,
575 1757 705 1801 ratio
738 1761 817 1802 est
850 1758 984 1801 enim
1017 1771 1148 1817 quae
1180 1761 1410 1817 praestet
1442 1753 1689 1800 omnibus.
1759 1753 1839 1800 Ita

347 1820 404 1868 fit
435 1821 673 1868 credibile
705 1822 916 1869 deorum
948 1829 1003 1869 et
1032 1821 1294 1869 hominum
1324 1837 1475 1868 causa
1504 1819 1699 1867 factum
1730 1835 1842 1867 esse

347 1889 594 1935 mundum
619 1905 854 1952 quaeque
878 1892 931 1935 in
955 1905 1015 1936 eo
1041 1888 1293 1953 [mundo]⁶
1317 1891 1419 1936 sint
1442 1890 1624 1935 omnia.

411 1955 544 2004 LIV.
582 1956 610 1974 “
636 1957 951 2021 Faciliusque
973 1957 1303 2021 intellegetur
1332 1973 1362 2003 a
1391 1957 1466 2004 dis
1490 1953 1840 2003 inmortalibus

346 2021 631 2071 hominibus
653 2041 762 2072 esse
781 2028 1033 2088 provisum
1051 2027 1091 2072 si
1108 2028 1204 2071 erit
1219 2031 1332 2071 tota
1345 2022 1560 2071 hominis
1576 2021 1839 2070 fabricatio

345 2098 614 2154 perspecta
649 2096 912 2156 omnisque
949 2091 1201 2139 humanae
1236 2098 1449 2138 naturae
1486 2090 1648 2155 figura
1682 2095 1839 2153 atque

403 2229 424 2309 ἔ
451 2230 1022 2334 ἕξιῑῖῐιῗῑξῖῒαεθέἒί>ωυ1ωω
1051 2284 1203 2331 <luna>
1230 2281 1574 2335 Plasber9(eum
1586 2279 1693 2323 luna
1704 2279 1837 2322 simul

344 2337 503 2389 ΑΙαη).
1140 2339 1157 2363 ³
1188 2337 1396 2379 utilitates
1416 2336 1552 2377 Koch.

399 2392 414 2416 ⁴
447 2392 516 2432 hic
538 2393 656 2440 dett„
679 2393 746 2433 sin
767 2393 827 2438 Α,
849 2392 903 2433 Β.
1085 2392 1101 2417 ⁵
1131 2395 1356 2432 mutorum
1374 2390 1561 2432 Daviese
1593 2392 1834 2431 mutarum.

401 2446 418 2470 ⁸
449 2446 655 2498 [mundo]
676 2447 788 2494 edd„
812 2460 892 2487 om.
915 2445 969 2494 Ε,
991 2445 1044 2494 L,
1067 2445 1117 2487 Ο.

692 2577 713 2598 ⁰
743 2572 967 2625 Probably
987 2587 1044 2613 an
1066 2571 1358 2625 interpolated
1379 2574 1496 2613 note.

349 2641 447 2685 250
