1919 3006
954 192 1205 241 CICERO

333 339 469 380 nem,
498 340 629 387 quae
659 325 782 370 vitia
810 321 1112 387 culpamque
1143 323 1473 372 excluderet-‚⁹
1541 325 1644 373 Ubi
1671 329 1827 390 igitur

334 401 471 448 locus
491 400 587 447 fuit
615 403 766 447 errori
792 400 1040 447 deorum?
1101 401 1232 447 Nam
1256 405 1560 464 patrimonia
1579 419 1668 466 spe
1692 403 1826 450 bene

333 478 568 527 tradendi
595 478 939 541 relinquimus,
969 495 1069 541 qua
1096 495 1359 541 possumus
1388 478 1492 526 falli
1515 495 1527 536 3
1570 480 1695 528 deus
1723 479 1827 527 falli

334 560 420 620 qui
442 559 611 619 potuit
634 556 651 601 ?
720 557 802 602 An
825 563 883 603 ut
907 554 989 602 Sol
1012 560 1063 602 in
1087 573 1287 603 currum
1310 574 1425 604 cum
1449 556 1828 605 Phaethontem

335 634 493 681 filium
528 632 748 689 sustulit,
787 640 876 681 aut
918 633 1187 696 Neptunus
1224 651 1340 681 cum
1374 633 1599 682 Theseus
1637 634 1829 698 Hippo-

336 711 501 776 lytum
541 711 782 774 perdidit,
819 727 934 757 cum
975 718 1056 758 ter
1092 712 1302 774 optandi
1338 728 1368 758 a
1405 711 1646 775 Neptuno
1681 719 1829 775 patre

257 796 311 837 77
336 789 597 836 habuisset
648 788 1004 850 potestatem?
1074 788 1348 836 Poetarum
1400 793 1499 836 ista
1550 796 1686 845 sunt,
1738 805 1829 836 nos

334 874 509 914 autem
534 865 815 929 philosophi
845 882 955 912 esse
983 865 1228 922 volumus,
1255 883 1424 913 rerum
1452 874 1701 922 auctores,
1727 883 1830 913 non

333 943 633 992 fabularum.
702 944 877 1006 Atque
897 942 949 989 hi
969 951 1145 990 tamen
1164 947 1259 1006 ipsi
1280 944 1330 991 di
1349 947 1537 1006 poetici
1557 947 1598 991 si
1618 946 1829 991 scissent

333 1025 612 1086 perniciosa
642 1019 749 1068 fore
780 1020 864 1067 illa
896 1021 1024 1077 filiis,
1055 1037 1291 1083 peccasse
1321 1024 1374 1067 in
1403 1021 1651 1068 beneficio
1680 1028 1829 1084 puta-

332 1107 524 1147 rentur.
595 1099 689 1146 Ut.1
718 1102 760 1145 si
789 1115 964 1145 verum
995 1106 1074 1145 est
1107 1099 1243 1162 quod
1273 1098 1445 1146 Aristo
1476 1097 1628 1146 Chius
1659 1099 1828 1146 dicere

331 1178 545 1233 solebat,
575 1193 756 1224 nocere
787 1177 1110 1223 audientibus
1140 1175 1462 1239 philosophos
1490 1179 1550 1224 iis
1579 1180 1667 1240 qui
1694 1177 1827 1224 bene

331 1257 468 1303 dicta
504 1254 637 1302 male
674 1258 1136 1317 interpretarentur
1174 1254 1341 1316 (posse
1381 1257 1518 1300 enim
1555 1261 1723 1301 asotos
1763 1270 1827 1301 ex

332 1335 596 1396 Aristippi,
633 1333 838 1379 acerbos
876 1348 903 1378 e
939 1332 1153 1378 Zenonis
1190 1330 1359 1378 schola
1396 1331 1573 1396 exire),
1602 1347 1823 1394 prorsus,

332 1414 373 1459 si
409 1414 495 1474 qui
532 1410 803 1457 audierunt
838 1412 1005 1456 vitiosi
1041 1416 1212 1455 essent
1247 1409 1512 1456 discessuri
1548 1409 1685 1472 quod
1715 1425 1824 1471 per-

333 1505 475 1536 verse
494 1486 905 1551 philosophorum
930 1488 1330 1550 disputationem
1348 1490 1827 1549 interpretarentur,

332 1574 504 1614 tacere
529 1572 816 1629 praestaret
841 1563 1185 1627 philosophos²
1211 1581 1364 1628 quam
1388 1567 1446 1611 iis
1472 1567 1555 1627 qui
1582 1579 1637 1611 se
1663 1564 1827 1611 audis-

254 1650 309 1692 78
332 1651 448 1691 sent
472 1660 654 1691 nocere
674 1659 685 1690 ε
715 1646 802 1699 sic,
827 1646 867 1689 si
891 1642 1119 1689 homines
1143 1645 1394 1688 rationem
1417 1642 1551 1688 bono
1575 1640 1778 1688 consilio
1798 1657 1828 1688 a

331 1723 407 1769 dis
431 1720 798 1768 immortalibus
824 1720 999 1767 datam
1023 1722 1074 1766 in
1094 1719 1326 1766 fraudem
1344 1718 1693 1782 malitiamque
1712 1735 1828 1766 con-

332 1806 555 1855 vertunt,
591 1815 693 1845 non
733 1798 841 1845 dari
881 1797 1018 1844 illam
1054 1814 1207 1860 quam
1248 1797 1353 1844 dari
1390 1795 1612 1843 humano
1651 1799 1827 1860 generi

331 1876 510 1924 melius
558 1875 670 1923 fuit.
744 1875 836 1932 Ut,
879 1879 919 1922 si
960 1876 1185 1922 medicus
1233 1878 1360 1921 sciat
1401 1891 1518 1921 eum
1560 1880 1826 1938 aegrotum

332 1957 417 2018 qui
458 1957 618 2001 iussus
659 1956 725 2000 sit
765 1956 937 1999 vinum
978 1968 1177 1999 sumere
1218 1955 1464 1999 meracius
1505 1958 1827 2014 sumpturum

332 2035 610 2094 statimque
641 2034 941 2093 periturum,
971 2047 1159 2094 magna
1187 2033 1254 2077 sit
1283 2033 1335 2076 in
1365 2029 1529 2092 culpa,
1558 2032 1628 2076 sic
1657 2036 1827 2076 vestra

330 2113 428 2156 ista
438 2109 757 2172 providentia
767 2107 1205 2170 reprehendenda,
1217 2122 1348 2170 quae
1359 2110 1610 2153 rationem
1625 2106 1826 2153 dederit

881 2185 898 2210 1
928 2189 978 2225 ut
997 2185 1160 2225 Davies
1180 2201 1190 2225 ε
1223 2188 1279 2224 et.

618 2240 635 2265 ⁸
664 2238 950 2292 philosophos
972 2239 1074 2280 dett.
1096 2255 1107 2280 ε
1137 2237 1412 2291 philosophis
1431 2237 1493 2286 A,
1514 2237 1568 2279 Β.

397 2351 416 2371 ‘¹
446 2345 665 2387 Poseidon
689 2358 803 2397 gave
829 2344 897 2385 his
923 2358 1002 2385 son
1029 2344 1239 2391 Theseus,
1268 2342 1390 2395 King
1415 2342 1466 2384 of
1488 2343 1673 2391 Athens,
1700 2343 1823 2384 three

335 2401 505 2441 wishes.
561 2399 758 2440 Theseus
786 2398 951 2438 wished
981 2398 1055 2438 the
1083 2397 1218 2438 death
1248 2396 1298 2437 of
1328 2397 1395 2438 his
1423 2410 1504 2438 son
1534 2397 1822 2449 Hippolytus,

334 2454 491 2506 falsely
511 2452 699 2494 accused
727 2453 789 2506 by
809 2452 877 2493 his
900 2451 1192 2504 step-mother
1217 2450 1423 2492 Phaedra
1445 2452 1496 2492 of
1519 2450 1615 2492 love
1638 2450 1707 2492 for
1729 2451 1822 2494 her.

339 2507 557 2549 Poseidon
587 2511 684 2548 sent
711 2520 739 2548 a
767 2506 958 2547 sea-buil
987 2506 1084 2546 that
1112 2505 1266 2546 scared
1296 2504 1608 2558 Hippolytus’s
1633 2504 1823 2546 chariot-

338 2562 504 2610 horses,
524 2561 615 2603 and
635 2561 690 2602 he
708 2574 803 2603 was
819 2559 971 2601 killed.

338 2625 434 2675 362
