1919 3006
960 194 1212 244 CICERO

340 330 515 372 autem
548 326 716 371 omnia
747 326 787 371 si
816 327 921 371 visa
952 323 1210 371 tollantur.
1279 324 1515 372 XXXIV.
1551 324 1663 372 Hac
1683 324 1748 373 de
1775 340 1833 373 re

338 407 391 452 in
423 412 691 468 utramque
724 412 924 468 partem
957 412 1012 453 et
1044 405 1180 453 dicta
1201 412 1320 453 sunt
1349 412 1403 453 et
1434 408 1621 469 scripta
1651 405 1829 463 multa,

339 486 430 534 sed
470 487 610 534 brevi
651 502 732 533 res
774 492 947 550 potest
989 493 1102 534 tota
1143 487 1333 534 confici.
1402 486 1512 552 Ego
1557 490 1691 534 enim
1734 490 1832 535 etsi

338 570 613 615 maximam
648 569 901 614 actionem
935 575 1061 631 puto
1096 584 1382 633 repugnare
1418 571 1550 625 visis,
1586 569 1831 616 obsistere

338 650 671 713 opinionibus,
717 649 959 698 adsensus
1004 649 1219 698 lubricos
1266 653 1532 706 sustinere,
1577 649 1831 713 credoque

338 730 650 778 Clitomacho
682 734 757 779 ita
788 733 1045 789 scribenti,
1078 731 1285 779 Herculi
1318 731 1574 795 quendam
1605 730 1831 779 laborem

338 811 660 861 exanclatum
683 829 714 861 a
735 812 1016 871 Carneade,
1039 814 1193 878 quod,
1216 820 1274 862 ut
1295 812 1457 861 feram
1480 819 1535 862 et
1554 816 1830 861 immanem

335 894 557 951 beluam,
593 897 663 942 sic
704 911 769 943 ex
810 898 987 943 animis
1024 899 1207 943 nostris
1250 895 1618 952 adsensionem,
1657 894 1711 942 id
1751 900 1831 942 est

335 979 681 1040 opinationem
711 983 766 1024 et
795 980 1161 1034 temeritatem,
1193 980 1514 1033 extraxisset,
1544 984 1720 1024 tamen
1750 977 1831 1041 (ut

331 1075 395 1106 ea
431 1075 546 1122 pars
585 1056 891 1106 defensionis
929 1058 1264 1124 relinquatur)
1304 1059 1427 1123 quid
1463 1059 1711 1123 impediet
1749 1074 1829 1106 ac-

330 1144 524 1188 tionem
553 1143 660 1188 eius
690 1144 775 1205 qui
803 1140 1084 1205 probabilia
1112 1144 1341 1205 sequitur
1369 1139 1507 1188 nulla
1532 1156 1588 1188 re
1615 1139 1828 1204 impedi-

223 1228 305 1271 109
330 1229 450 1270 ente
473 1222 492 1270 ?
559 1221 570 1238 ‘
595 1222 740 1279 Hoc,'
761 1226 945 1287 inquit,
967 1222 977 1239 ‘
1001 1225 1168 1286 ipsum
1187 1223 1451 1286 impediet,
1473 1222 1610 1287 quod
1630 1229 1827 1270 statuet

327 1320 393 1352 ne
417 1304 471 1352 id
495 1304 702 1368 quidem
728 1304 865 1368 quod
887 1305 1071 1367 probet
1095 1321 1242 1368 posse
1268 1303 1492 1368 percipi.'
1561 1303 1671 1351 Iam
1695 1307 1826 1352 istuc

328 1393 383 1434 te
413 1401 616 1450 quoque
645 1385 893 1449 impediet
921 1389 974 1432 in
1003 1386 1306 1450 navigando,
1335 1389 1388 1432 in
1416 1385 1744 1442 conserendo,
1772 1388 1826 1432 in

327 1483 484 1514 uxore
513 1467 762 1524 ducenda,
786 1471 838 1514 in
860 1466 1030 1514 liberis
1053 1468 1393 1531 procreandis,
1417 1466 1745 1531 plurimisque
1771 1469 1825 1514 in

324 1549 476 1596 rebus
499 1551 551 1595 in
576 1550 756 1612 quibus
780 1547 904 1595 nihil
927 1565 1140 1613 sequere
1164 1556 1369 1613 praeter
1391 1547 1667 1613 probabile.

391 1630 418 1647 “
437 1630 507 1677 Et
525 1637 701 1677 tamen
724 1629 847 1677 illud
872 1633 1117 1678 usitatum
1142 1638 1197 1678 et
1220 1645 1373 1694 saepe
1397 1630 1722 1694 repudiatum
1744 1645 1823 1679 re-

324 1710 443 1768 fers,
458 1728 560 1758 non
575 1718 634 1759 ut
652 1712 927 1775 Antipater
943 1711 1034 1759 sed
1052 1719 1110 1760 ut
1127 1714 1197 1759 ais
1214 1710 1224 1728 ‘
1237 1714 1456 1776 pressius
1469 1711 1505 1769 ’3
1541 1727 1659 1759 nam
1674 1712 1822 1759 Anti-

323 1801 528 1857 patrum
545 1791 909 1855 reprehensum
929 1794 1065 1857 quod
1082 1794 1275 1842 diceret
1293 1801 1691 1842 consentaneum
1710 1809 1821 1841 esse

324 1878 372 1923 ei
404 1878 490 1939 qui
523 1875 816 1922 adfirmaret
847 1874 970 1922 nihil
1001 1892 1148 1939 posse
1181 1875 1540 1940 comprehendi
1572 1875 1625 1924 id
1655 1878 1821 1940 ipsum

323 1959 506 2007 saltem
531 1960 697 2007 dicere
723 1976 870 2023 posse
895 1961 1202 2023 comprendi.
1273 1961 1423 2020 Quod
1447 1964 1541 2025 ipsi
1565 1959 1819 2010 Antiocho

322 2044 512 2105 pingue
556 2042 824 2089 videbatur
870 2049 924 2089 et
968 2043 1061 2089 sibi
1105 2045 1270 2105 ipsum
1314 2046 1620 2090 contrarium
1642 2058 1655 2100 ;
1716 2059 1818 2090 non

321 2126 457 2170 enim
485 2129 658 2186 potest
685 2126 1046 2171 convenienter
1074 2124 1172 2171 dici
1199 2122 1322 2170 nihil
1350 2124 1642 2188 comprendi
1668 2139 1816 2188 posse

321 2207 363 2252 si
407 2207 677 2268 quicquam
721 2205 1013 2267 comprendi
1057 2221 1204 2269 posse
1248 2206 1459 2254 dicatur.
1529 2205 1622 2253 Illo
1664 2206 1815 2253 modo

320 2289 489 2348 potius
532 2293 684 2349 putat
728 2286 1048 2350 urguendum
1092 2285 1246 2334 fuisse
1291 2287 1637 2335 Carneadem:
1699 2304 1813 2334 cum

319 2370 561 2431 sapientis
588 2367 780 2415 nullum
808 2367 1071 2415 decretum
1099 2384 1208 2415 esse
1235 2375 1408 2432 posset
1433 2371 1527 2416 nisi
1552 2385 1814 2433 compren-

487 2562 507 2583 ⁶
534 2559 622 2608 i.e.,
641 2559 715 2600 the
734 2560 919 2612 activity
938 2559 989 2599 of
1003 2572 1173 2600 reason.
1534 2559 1554 2587 ⁸
1582 2564 1603 2608 5
1622 2563 1693 2602 29.

319 2620 416 2669 606
