1919 3006
892 199 1143 248 CICERO

278 330 408 378 Iovis
448 339 526 379 est
576 337 706 381 <et>¹
747 334 981 380 Asteriae
1022 331 1251 380 Latonae
1289 336 1485 391 sororis,
1522 336 1609 398 qui
1645 333 1763 397 Tyri

275 412 497 456 maxime
542 409 737 467 colitur,
781 413 919 458 cuius
967 409 1337 475 Karthaginem
1380 411 1534 458 filiam
1576 409 1763 459 ferunt.

278 486 497 545 Quintus
532 489 584 534 in
619 487 766 535 India
799 491 885 552 qui
919 487 1069 535 Belus
1104 489 1300 536 dicitur.
1369 488 1553 536 Sextus
1587 487 1667 536 hic
1701 505 1765 536 ex

274 564 521 612 Alcmena
545 582 698 629 quem
723 566 956 628 Iuppiter
981 570 1178 629 genuit,
1203 567 1294 614 sed
1316 570 1499 614 tertius
1534 566 1766 630 Iuppiter

275 645 511 705 quoniam
533 651 591 689 ut
609 647 710 689 iam
730 644 921 691 docebo
945 643 1099 706 pluris
1124 644 1267 691 Ioves
1288 647 1444 691 etiam
1467 648 1765 707 accepimus.

196 724 250 764 43
339 719 504 766 XVII.
543 719 570 736 “
597 720 813 779 Quando
844 724 978 767 enim
1006 736 1089 767 me
1117 724 1169 767 in
1197 720 1331 767 hunc
1359 721 1524 767 locum
1552 721 1767 768 deduxit

275 800 452 853 oratio,
487 797 679 844 docebo
712 797 921 844 meliora
954 815 1036 845 me
1071 799 1304 845 didicisse
1338 799 1402 846 de
1436 798 1657 846 colendis
1690 799 1766 846 dis

273 875 622 922 inmortalibus
654 879 762 922 iure
795 875 1053 938 pontificio
1087 883 1140 923 et
1171 892 1311 923 more
1343 879 1590 923 maiorum
1622 893 1768 940 cape-

274 952 501 999 dunculis
532 956 590 1000 iis
624 970 747 1017 quas
781 953 949 1000 Numa
979 954 1122 1000 nobis
1153 953 1376 1017 reliquit,
1408 954 1472 1001 de
1504 954 1685 1018 quibus
1716 957 1769 1001 in

272 1029 356 1075 illa
376 1030 579 1077 aureola
599 1030 913 1078 oratiuncula
934 1032 1056 1079 dicit
1077 1031 1296 1088 Laelius,
1318 1048 1470 1095 quam
1490 1032 1767 1080 rationibus

273 1106 569 1156 Stoicorum.
639 1108 689 1155 Si
720 1112 855 1156 enim
883 1126 968 1156 vos
999 1126 1198 1173 sequar,
1228 1110 1308 1156 dic
1337 1110 1458 1172 quid
1488 1113 1535 1156 ei
1562 1126 1768 1172 respon-

273 1186 424 1232 deam
453 1189 539 1249 qui
568 1203 650 1233 me
684 1190 753 1233 sic
781 1194 929 1250 roget
954 1204 964 1233 :
1011 1186 1021 1203 ‘
1046 1186 1097 1233 Si
1124 1187 1175 1234 di
1208 1193 1364 1243 sunt,²
1391 1193 1577 1234 suntne
1609 1191 1767 1235 etiam

274 1263 543 1327 Nymphae
564 1265 724 1312 deae?
748 1267 788 1311 si
808 1264 1096 1329 Nymphae,
1115 1264 1310 1312 Panisci
1328 1268 1484 1311 etiam
1502 1273 1555 1312 et
1571 1264 1739 1329 Satyri
1751 1281 1764 1322 ;

272 1339 321 1387 hi
359 1349 533 1388 autem
568 1359 669 1389 non
702 1349 852 1398 sunt3
914 1359 978 1389 ne
1015 1342 1284 1407 Nymphae
1324 1342 1516 1408 [deae]³
1558 1343 1765 1407 quidem

271 1423 442 1484 igitur.
510 1421 584 1468 At
638 1436 812 1467 earum
865 1419 1059 1482 templa
1112 1427 1231 1468 sunt
1283 1420 1484 1483 publice
1538 1427 1658 1468 vota
1711 1428 1765 1469 et

272 1497 539 1554 dedicata3
575 1514 640 1545 ne
663 1501 818 1545 ceteri
846 1498 1053 1562 quidem
1077 1515 1196 1563 ergo
1230 1499 1298 1554 di,
1322 1515 1536 1562 quorum
1570 1497 1765 1562 templa

271 1583 391 1623 sunt
430 1576 706 1624 dedicata?
765 1576 879 1640 Age
917 1592 1100 1639 porro:
1159 1576 1334 1623 Iovem
1373 1583 1427 1624 et
1465 1575 1765 1639 Neptunum

273 1654 415 1702 deos⁴
439 1671 673 1702 numeras
693 1670 705 1711 ;
730 1671 849 1718 ergo
885 1658 1039 1703 etiam
1056 1653 1214 1702 Orcus
1235 1653 1394 1702 frater
1415 1671 1589 1702 eorum
1607 1655 1732 1702 deus
1751 1670 1765 1712 3

272 1740 326 1780 et
369 1732 440 1780 illi
485 1737 568 1798 qui
615 1733 772 1780 fluere
818 1733 955 1796 apud
998 1731 1183 1779 inferos
1229 1732 1482 1789 dicuntur,
1528 1731 1764 1780 Acheron

272 1810 491 1876 Cocytus
523 1810 974 1876 Pyriphlegethon,
1003 1817 1116 1858 tum
1145 1809 1345 1857 Charon
1373 1817 1485 1857 tum
1514 1809 1763 1858 Cerberus

193 1896 249 1935 44
272 1890 322 1936 di
352 1890 581 1952 putandi.
643 1890 715 1937 At
743 1889 795 1936 id
825 1889 1031 1952 quidem
1063 1888 1465 1951 repudiandum3
1504 1903 1570 1935 ne
1603 1887 1762 1936 Orcus

271 1968 478 2031 quidem
526 1970 716 2031 igitur3
778 1967 899 2030 quid
953 1966 1116 2013 dicitis
1168 1982 1288 2030 ergo
1338 1966 1402 2013 de
1445 1964 1726 2014 fratribus?
1750 1964 1762 1982 ’

271 2045 414 2092 Haec
449 2045 735 2092 Carneades
772 2045 960 2100 aiebat,
995 2061 1097 2091 non
1130 2051 1189 2091 ut
1223 2044 1344 2091 deos
1379 2043 1583 2091 tolleret
1618 2043 1761 2108 (quid

272 2127 407 2170 enim
436 2122 732 2186 philosopho
763 2126 927 2169 minus
960 2125 1261 2169 conveniens
1285 2121 1325 2186 ?)
1357 2122 1448 2169 sed
1479 2129 1537 2169 ut
1567 2120 1761 2170 Stoicos

273 2243 293 2272 ²
319 2245 423 2286 add.
447 2243 680 2297 Heindorf.
906 2242 924 2269 ⁸
947 2248 1048 2296 post
1069 2247 1173 2284 sunt
1195 2243 1396 2284 lacunam
1416 2243 1563 2294 siquae
1588 2242 1760 2296 Mayor.

445 2300 463 2324 ³
492 2299 602 2339 deae
622 2312 703 2340 om.
727 2299 830 2340 dett.
1010 2298 1028 2322 ⁴
1057 2297 1162 2338 deos
1185 2298 1287 2338 dett.
1308 2314 1318 2338 ε
1351 2296 1486 2338 deum
1506 2297 1567 2344 A,
1587 2297 1641 2338 Β.

337 2409 357 2430 ⁶
386 2405 479 2446 The
507 2408 744 2457 argument
771 2417 877 2456 goes
906 2417 964 2445 on
993 2407 1040 2445 at
1068 2405 1088 2454 ἓ
1117 2406 1185 2450 53,
1208 2402 1297 2444 and
1325 2402 1517 2455 perhaps
1546 2403 1587 2454 §§
1615 2405 1756 2444 43-52

279 2459 438 2499 should
468 2459 523 2499 be
549 2457 810 2510 transposed
831 2457 944 2498 aster
965 2458 984 2508 §
1006 2460 1059 2498 60
1080 2457 1314 2509 (although
1344 2457 1418 2498 the
1438 2456 1533 2497 first
1551 2461 1756 2498 sentence

271 2511 323 2553 of
337 2514 357 2562 ἓ
377 2515 432 2554 43
452 2526 592 2553 seems
611 2517 657 2554 to
678 2511 843 2564 belong
862 2511 1032 2553 neither
1053 2512 1154 2552 here
1173 2525 1255 2552 nor
1272 2511 1428 2562 there).

336 2566 352 2590 ὸ
383 2566 465 2608 See
486 2568 504 2618 §
526 2569 550 2608 6
573 2580 616 2608 n.

273 2629 370 2678 326
