1853 3001
869 170 1120 219 CICERO

248 303 369 351 deos
394 309 448 350 et
471 300 598 349 haec
616 308 764 349 tanta
783 317 938 364 opera
962 301 1173 348 deorum
1199 317 1310 349 esse
1336 299 1739 350 arbitrarentur.'

168 392 224 433 96
247 383 539 432 XXXVIII.
577 383 751 446 Atque
813 381 939 430 haec
988 382 1193 446 quidem
1240 382 1359 440 1110;
1425 399 1514 431 nos
1563 390 1738 430 autem

246 466 485 513 tenebras
520 467 800 528 cogitemus
835 470 1006 511 tantas
1042 471 1265 528 quantae
1301 464 1557 528 quondam
1591 480 1737 527 erup-

246 551 385 595 tione
408 548 757 593 Aetnaeorum
777 548 971 609 ignium
994 545 1230 593 finitimas
1252 549 1484 610 regiones
1507 546 1740 593 obscura-

247 632 374 676 visse
403 629 656 683 dicuntur,
685 634 743 674 ut
770 643 861 690 per
887 627 1099 674 biduum
1126 643 1276 674 nemo
1303 626 1561 674 hominem
1587 626 1738 674 homo

246 717 561 775 agnosceret,
581 725 695 756 011111
715 715 888 755 autem
906 711 1060 756 tertio
1079 708 1160 756 die
1180 708 1253 755 sol
1269 708 1534 755 inluxisset
1551 715 1662 756 tum
1681 715 1739 756 ut

245 795 484 838 revixisse
502 791 595 837 sibi
613 791 907 837 viderentur
931 806 942 837 z
978 791 1155 853 quodsi
1172 789 1266 837 hoc
1282 790 1419 837 idem
1436 806 1499 837 ex
1517 793 1737 837 aeternis

244 873 467 921 tenebris
509 875 830 935 contingeret
870 878 929 918 ut
968 872 1136 918 subito
1176 871 1341 918 lucem
1382 874 1737 934 aspiceremus,

243 970 494 1019 quaenam
531 957 723 1017 species
761 952 887 999 caeli
923 953 1221 1000 videretur?
1290 952 1391 1000 Sed
1427 953 1736 1000 adsiduitate

243 1037 497 1083 cotidiana
561 1042 615 1082 et
678 1035 1044 1082 consuetudine
1109 1034 1366 1082 oculorum
1429 1034 1736 1082 adsuescunt

242 1121 411 1173 animi,
449 1133 616 1180 neque
656 1117 970 1163 admirantur
1006 1132 1174 1179 neque
1211 1119 1476 1179 requirunt
1512 1119 1734 1164 rationes

243 1216 416 1246 earum
461 1214 630 1245 rerum
678 1214 801 1261 quas
848 1213 1050 1260 semper
1101 1197 1287 1254 vident,
1333 1197 1544 1260 proinde
1591 1200 1734 1261 quasi

241 1284 435 1328 novitas
474 1296 563 1327 nos
600 1282 760 1343 magis
799 1295 951 1342 quam
992 1279 1292 1343 magnitudo
1333 1295 1502 1326 rerum
1543 1279 1733 1326 debeat

161 1371 214 1410 97
241 1363 305 1410 ad
348 1361 684 1424 exquirendas
728 1377 902 1407 causas
947 1364 1185 1407 excitare.
1255 1359 1379 1419 Quis
1423 1363 1558 1407 enim
1599 1359 1733 1408 hunc

240 1443 497 1490 hominem
534 1443 720 1489 dixerit
757 1445 859 1505 qui,
897 1458 1012 1488 cum
1051 1449 1159 1488 tam
1196 1449 1360 1489 certos
1401 1441 1526 1489 caeli
1562 1449 1731 1490 motus

238 1533 345 1573 tam
377 1532 513 1571 ratos
549 1531 798 1570 astrorum
831 1524 1030 1570 ordines
1064 1530 1274 1587 tamque
1307 1526 1442 1570 inter
1473 1539 1528 1571 se
1561 1527 1730 1570 omnia

237 1623 429 1654 conexa
471 1613 524 1653 et
565 1612 686 1668 apta
726 1605 924 1660 viderit,
965 1612 1123 1669 neget
1162 1607 1214 1651 in
1253 1603 1328 1652 his
1369 1603 1523 1651 ullam
1562 1608 1728 1652 inesse

236 1692 502 1743 rationem,
528 1703 690 1750 eaque
715 1703 833 1733 casu
858 1686 965 1732 fieri
989 1686 1125 1733 dicat
1150 1702 1281 1750 quae
1306 1693 1498 1749 quanto
1523 1686 1726 1734 consilio

234 1776 477 1834 gerantur
532 1767 668 1815 1111110
726 1767 928 1814 consilio
986 1768 1196 1831 adsequi
1251 1768 1556 1830 possumus?
1625 1769 1724 1825 An,

234 1868 347 1898 cum
378 1849 751 1897 machinatione
785 1849 1006 1912 quadam
1037 1851 1224 1896 moveri
1259 1848 1447 1912 ahquid
1479 1849 1723 1906 videmus,

237 1940 293 1979 ut
328 1931 595 1994 sphaeram
632 1937 690 1978 ut
725 1929 872 1978 horas
910 1937 967 1977 ut
1004 1930 1100 1976 alia
1135 1929 1405 1993 permulta,
1443 1947 1543 1978 non
1579 1930 1723 1978 dubi-

233 2022 398 2061 tamus
452 2015 572 2075 quin
624 2011 707 2058 1113
754 2027 910 2075 opera
954 2015 1055 2059 sint
1107 2014 1330 2068 rationis,
1377 2028 1492 2058 cum
1544 2019 1718 2059 autem

231 2099 479 2157 impetum
532 2093 656 2140 03011
712 2110 825 2140 011111
879 2092 1158 2140 admirabili
1214 2092 1475 2140 celeritate
1527 2096 1716 2140 moveri

232 2179 460 2238 vertique
538 2175 815 2221 videamus²
891 2177 1296 2222 constantissime
1365 2174 1717 2222 conficientem

231 2257 594 2303 vicissitudines
643 2258 1004 2302 anniversarias
1052 2272 1166 2302 cum
1212 2271 1409 2303 summa
1451 2255 1615 2303 salute
1662 2262 1717 2304 et

229 2340 608 2385 conservatione
655 2353 823 2384 rerum
872 2340 1113 2393 omnium,
1157 2337 1447 2384 dubitamus
1492 2340 1613 2400 quin
1656 2353 1715 2385 ea

776 2454 793 2481 ¹
825 2455 1024 2495 videmus
1046 2455 1148 2497 dett.

224 2590 321 2639 216
