1919 3006
894 183 1146 231 CICERO

273 317 325 360 in
372 313 603 360 venando
651 312 716 360 ad
766 311 1146 359 similitudinem
1198 311 1409 359 bellicae
1456 310 1765 374 disciplinae,

275 395 329 434 et
370 394 573 434 utamur
610 386 811 433 domitis
850 392 904 433 et
944 384 1332 442 condocefactis‚
1368 392 1428 432 ut
1463 384 1766 448 elephantis,

274 461 538 524 multaque
579 477 642 508 ex
683 477 857 507 earum
895 461 1184 523 corporibus
1222 460 1448 507 remedia
1484 461 1670 507 morbis
1710 466 1765 507 et

277 536 565 583 vulneribus
604 534 867 599 eligamus,
903 538 1033 582 sicut
1075 551 1138 582 ex
1182 535 1484 598 quibusdam
1525 535 1764 598 stirpibus

276 617 330 657 et
365 609 532 656 herbis
571 625 785 672 quarum
820 607 1070 655 utilitates
1102 607 1362 672 longinqui
1398 611 1640 671 temporis
1673 624 1769 655 usu

278 691 331 731 et
372 682 743 746 periclitatione
790 685 1122 745 percepimus.
1191 682 1374 729 Totam
1420 681 1540 729 licet
1590 684 1768 729 animis

275 764 540 818 tamquam
583 754 734 802 oculis
777 754 991 801 lustrare
1033 762 1222 802 terram
1263 758 1523 818 mariaque
1565 757 1770 801 omnia:

277 846 451 877 cernes
474 833 575 875 iam
597 832 763 891 spatia
784 828 1027 892 frugifera
1050 836 1205 892 atque
1227 831 1457 875 inmensa
1478 844 1769 891 camporum

279 908 594 966 vestitusque
631 904 950 950 densissimos
986 906 1253 959 montium,
1287 903 1541 966 pecudum
1576 909 1770 965 pastus,

174 990 250 1030 162
275 988 386 1026 tum
434 978 714 1025 incredibili
764 995 934 1025 cursus
984 981 1262 1025 maritimos
1312 977 1591 1025 celeritate.
1662 977 1769 1024 Nec

279 1068 396 1098 vero
421 1067 573 1113 supra
595 1057 785 1097 terram
810 1051 900 1097 sed
925 1053 1081 1097 etiam
1105 1053 1156 1096 in
1180 1053 1387 1097 intumis
1413 1053 1518 1097 eius
1543 1050 1769 1097 tenebris

279 1124 606 1187 plurimarum
662 1140 832 1169 rerum
883 1122 1014 1170 latet
1066 1122 1258 1170 utilitas
1311 1139 1443 1186 quae
1496 1123 1561 1170 ad
1619 1139 1766 1170 usum

277 1197 538 1245 hominum
561 1203 671 1243 orta
696 1197 758 1242 ab
781 1195 1066 1242 hominibus
1090 1195 1203 1242 solis
1226 1199 1495 1243 invenitur.

342 1271 494 1318 LXV.
533 1270 560 1287 “
587 1270 718 1317 Illud
745 1287 880 1326 vero,
907 1270 1043 1334 quod
1069 1277 1285 1333 uterque
1312 1277 1536 1317 vestrum
1563 1272 1770 1333 arripiet

277 1346 491 1393 fortasse
539 1346 603 1392 ad
650 1344 1078 1407 reprendendum,
1120 1344 1274 1392 Cotta
1321 1348 1439 1408 quia
1481 1344 1768 1392 Carneades

277 1420 513 1466 lubenter
545 1422 597 1465 in
630 1417 821 1465 Stoicos
855 1417 1208 1474 invehebatur,
1241 1417 1462 1465 Velleius
1496 1421 1614 1481 quia
1647 1417 1769 1464 nihil

276 1500 384 1540 tam
430 1491 617 1538 inridet
663 1491 908 1553 Epicurus
956 1507 1109 1554 quam
1155 1490 1554 1553 praedictionem
1600 1507 1768 1537 rerum

276 1564 579 1620 futurarum,
629 1563 752 1610 mihi
803 1564 1003 1611 videtur
1053 1563 1133 1610 vel
1181 1580 1421 1611 maxume
1472 1564 1768 1611 confirmare

276 1640 486 1686 deorum
540 1639 858 1700 providentia
911 1636 1100 1684 consuli
1153 1638 1303 1684 rebus
1357 1636 1604 1684 humanis.
1673 1637 1768 1685 Est

277 1717 412 1760 enim
460 1711 688 1775 profecto
738 1713 998 1768 divinatio,
1048 1727 1179 1774 quae
1227 1711 1399 1758 multis
1448 1711 1566 1758 locis
1615 1712 1766 1759 rebus

275 1786 588 1848 temporibus
620 1792 831 1847 apparet
865 1801 981 1832 cum
1010 1784 1122 1848 [in]1
1151 1787 1356 1846 privatis
1387 1791 1498 1831 tum
1526 1801 1765 1832 maxume

172 1866 249 1905 163
275 1859 500 1922 publicis.
573 1858 741 1904 Multa
773 1864 986 1904 cernunt
1018 1856 1324 1919 haruspices,
1356 1856 1518 1903 multa
1550 1874 1766 1921 augures

274 1933 559 1996 provident,
602 1932 764 1978 multa
807 1931 981 1978 oraclis
1026 1930 1347 1978 declarantur
1389 1930 1550 1978 multa
1595 1935 1765 1978 vatici-

275 2006 562 2052 nationibus
605 2004 766 2051 multa
807 2007 1009 2051 somniis
1051 2003 1213 2050 multa
1253 2007 1534 2066 portentis3
1582 2005 1763 2067 quibus

275 2082 487 2142 cognitis
529 2077 720 2124 multae
763 2094 915 2140 saepe
957 2094 1034 2124 res
1080 2083 1164 2124 ex²
1204 2076 1464 2124 hominum
1506 2083 1761 2126 sententia

274 2159 430 2214 atque
459 2151 681 2198 utilitate
710 2159 905 2213 partae,
933 2150 1093 2197 multa
1122 2153 1277 2197 etiam
1303 2149 1525 2213 pericula
1552 2150 1763 2213 depulsa

273 2231 406 2270 sunt.
477 2223 619 2269 Haec
653 2226 807 2286 igitur
842 2226 944 2269 sive
981 2226 1052 2269 vis
1087 2225 1191 2269 sive
1227 2238 1304 2269 ars
1339 2225 1443 2269 sive
1479 2229 1660 2269 natura
1695 2223 1760 2270 ad

272 2298 535 2342 scientiam
566 2312 733 2341 rerum
764 2294 1050 2342 futurarum
1079 2294 1268 2341 homini
1298 2293 1527 2356 profecto
1559 2302 1636 2342 est
1667 2311 1759 2342 nec

272 2369 354 2417 alii
375 2373 610 2432 cuiquam
632 2386 660 2415 a
681 2370 755 2416 dis
777 2368 1125 2416 inmortalibus
1147 2369 1282 2416 data.

418 2523 434 2548 ²
464 2523 561 2563 secl.
588 2522 768 2565 Milller.
1093 2522 1110 2548 ⁸
1140 2536 1190 2563 ex
1212 2523 1314 2564 dett.
1335 2539 1346 2564 z
1378 2536 1460 2564 om.
1483 2523 1543 2570 A,
1566 2521 1619 2565 B.

279 2599 375 2645 278
