1853 3001
916 214 1167 262 CICERO

294 347 347 391 in
371 346 561 392 mundo
587 344 780 392 facilius
794 360 806 401 ;
841 352 920 393 est
939 362 1059 410 ergo
1085 348 1137 392 in
1165 362 1225 393 eo
1244 348 1417 394 virtus.
1479 343 1690 409 Sapiens
1710 351 1788 394 est

294 429 466 491 igitur,
494 434 547 474 et
572 434 843 490 propterea
869 427 1008 475 deus.

358 507 467 555 XV.
504 507 532 524 “
556 509 730 572 Atque
763 507 858 556 hac
890 509 1067 556 mundi
1100 509 1366 556 divinitate
1399 515 1668 572 perspecta
1699 511 1787 556 tri-

293 589 498 637 buenda
523 596 601 636 est
626 590 871 637 sideribus
898 590 1078 637 eadem
1105 591 1356 647 divinitas,
1383 607 1513 654 quae
1540 606 1604 637 ex
1627 591 1787 638 mobi-

294 669 481 718 lissima
504 674 872 735 purissimaque
899 670 1118 719 aetheris
1143 679 1290 735 parte
1315 675 1595 736 gignuntur
1620 688 1787 735 neque

296 751 397 799 ulla
439 760 708 815 praeterea
750 760 869 800 sunt
913 753 1143 800 admixta
1186 761 1368 800 natura
1412 761 1626 817 totaque
1670 760 1789 800 sunt

295 833 456 881 calida
489 841 644 898 atque
676 834 951 898 perlucida,
976 842 1035 881 ut
1075 851 1136 881 ea
1175 851 1377 899 quoque
1416 838 1694 882 rectissime
1734 841 1789 882 et

297 918 573 963 animantia
601 932 710 963 esse
738 924 792 963 et
816 920 1004 981 sentire
1033 924 1188 980 atque
1213 916 1514 981 intellegere
1539 917 1786 965 dicantur.

219 1004 274 1043 40
296 998 471 1061 Atque
505 1014 566 1044 ea
598 999 805 1061 quidem
837 1005 949 1045 tota
983 1015 1091 1045 esse
1123 1002 1275 1062 ignea
1306 999 1520 1046 duorum
1550 1015 1788 1046 sensuum

295 1083 589 1127 testimonio
640 1080 922 1127 confirmari
974 1080 1247 1127 Cleanthes
1297 1088 1465 1143 putat,
1515 1087 1683 1128 tactus
1735 1087 1789 1127 et

295 1160 566 1208 oculorum.
638 1161 769 1208 Nam
795 1161 909 1208 solis
937 1169 991 1209 et
1016 1163 1222 1209 candor1
1250 1162 1504 1209 inlustrior
1531 1169 1608 1209 est
1635 1179 1788 1226 quam

295 1241 441 1290 ullius
476 1246 624 1307 ignis,
661 1247 849 1307 quippe
887 1247 973 1307 qui
1008 1247 1236 1291 inmenso
1271 1245 1460 1291 mundo
1495 1251 1603 1291 tam
1637 1243 1788 1308 longe

294 1322 501 1388 lateque
530 1324 811 1381 conluceat,
841 1332 894 1372 et
922 1328 962 1371 is
993 1328 1099 1372 eius
1127 1332 1294 1372 tactus
1325 1332 1402 1372 est
1430 1343 1532 1373 non
1559 1332 1618 1372 ut
1645 1332 1788 1388 tepe-

294 1403 450 1452 faciat
496 1406 657 1453 solum
704 1407 795 1453 sed
842 1410 998 1454 etiam
1045 1423 1198 1470 saepe
1245 1407 1527 1464 comburat,
1574 1423 1787 1471 quorum

293 1495 533 1534 neutrum
571 1486 764 1535 faceret
800 1491 894 1534 nisi
932 1495 1066 1535 esset
1102 1491 1296 1552 igneus.
1380 1487 1390 1505 ‘
1415 1488 1551 1553 Ergo
1575 1487 1586 1503 ’
1621 1491 1788 1552 inquit

293 1566 307 1586 ⁴
329 1585 441 1615 cum
469 1568 541 1615 sol
569 1572 748 1633 igneus
773 1571 855 1626 sit,
882 1568 1175 1632 Oceanique
1201 1569 1365 1616 alatur
1389 1570 1644 1616 umoribus
1670 1573 1788 1633 quia

294 1649 458 1697 nullus
504 1654 634 1715 ignis
682 1653 788 1697 sine
836 1658 987 1713 pastu
1035 1650 1203 1714 aliquo
1249 1657 1422 1714 posset
1468 1667 1786 1714 permanere,

293 1747 500 1779 necesse
525 1739 604 1779 est
628 1739 717 1779 aut
742 1735 787 1778 ei
811 1731 982 1779 similis
1007 1735 1072 1779 sit
1095 1735 1200 1796 igni
1224 1749 1377 1795 quem
1402 1731 1698 1780 adhibemus
1723 1733 1787 1780 ad

294 1830 440 1860 usum
460 1820 616 1877 atque
635 1816 824 1860 victum
849 1820 938 1860 aut
959 1821 1012 1860 et
1036 1817 1121 1877 qui
1141 1815 1429 1876 corporibus
1453 1816 1786 1861 animantium

219 1901 266 1939 41
293 1897 597 1941 continetur.
665 1895 827 1958 Atqui
855 1893 934 1941 hic
963 1902 1135 1941 noster
1163 1898 1292 1959 ignis
1322 1911 1475 1958 quem
1503 1912 1621 1942 usus
1650 1898 1785 1942 vitae

293 1979 505 2039 requirit
569 1974 826 2023 confector
892 1982 970 2023 est
1036 1983 1090 2023 et
1154 1983 1480 2039 consumptor
1543 1979 1785 2033 omnium,

292 2057 531 2120 idemque
584 2073 903 2120 quocumque
954 2060 1138 2104 invasit
1189 2064 1372 2104 cuncta
1423 2058 1677 2105 disturbat
1727 2074 1785 2105 ac

296 2138 542 2202 dissipat3
599 2146 775 2186 contra
815 2138 898 2185 ille
941 2155 1207 2202 corporeus
1248 2138 1410 2186 vitalis
1453 2145 1507 2186 et
1553 2138 1783 2186 salutaris

293 2223 460 2266 omnia
485 2227 749 2266 conservat
769 2219 858 2266 alit
880 2227 1036 2283 auget
1060 2223 1278 2267 sustinet
1298 2235 1550 2282 sensuque
1575 2218 1781 2268 adficit.’

293 2300 463 2364 Negat
512 2317 631 2364 ergo
680 2316 790 2348 esse
838 2301 1048 2348 dubium
1096 2299 1275 2347 horum
1321 2303 1514 2365 ignium
1561 2299 1635 2348 sol
1681 2303 1781 2347 utri

292 2382 463 2429 similis
498 2386 579 2438 sit,
614 2399 728 2429 cum
762 2385 802 2429 is
825 2399 1027 2446 quoque
1063 2382 1246 2429 efficiat
1279 2389 1336 2429 ut
1369 2385 1538 2429 omnia
1569 2381 1783 2430 floreant

376 2506 394 2532 ¹
424 2509 467 2545 et
487 2504 652 2545 candor
677 2505 803 2544 Klotz
822 2521 832 2544 z
866 2503 983 2544 calor
1005 2508 1046 2544 et
1067 2503 1233 2545 candor
1254 2505 1314 2553 A,
1336 2505 1390 2553 Β,
1412 2503 1577 2545 candor
1598 2505 1701 2546 dett.

301 2631 394 2680 160
