1919 3006
951 193 1201 242 CICERO

328 323 510 371 acerbe
579 339 732 386 quam
800 322 1081 385 praedones
1151 329 1373 370 necatos.
1461 321 1817 371 Anaxarchum

329 391 711 438 Democriteum
777 407 807 436 a
872 390 1057 453 Cyprio
1122 397 1340 454 tyranno
1407 391 1817 438 excarnificatum

329 462 630 520 accepimus,
648 458 901 504 Zenonem
921 457 1176 504 Eleatem1
1192 461 1243 504 in
1260 460 1527 504 tormentis
1545 465 1782 505 necatum
1804 473 1817 514 ;

328 526 449 587 quid
474 526 637 572 dicam
657 525 721 572 de
746 523 969 580 Socrate,
990 528 1128 571 cuius
1153 527 1300 571 morti
1327 523 1661 571 inlacrimare²
1681 524 1817 572 soleo

328 591 594 639 Platonem
632 591 849 655 legens?
917 591 1138 638 Videsne
1179 595 1334 655 igitur
1371 592 1580 639 deorum
1616 592 1816 648 iudicio,

327 663 367 706 si
411 660 586 706 vident
626 676 706 705 res
748 658 1013 714 humanas,
1056 659 1323 705 discrimen
1367 675 1476 706 esse
1518 658 1816 706 sublatum?

250 732 302 771 83
327 726 563 772 XXXIV.
602 726 859 790 Diogenes
903 726 1110 789 quidem
1152 725 1367 789 Cynicus
1411 726 1580 773 dicere
1620 726 1817 773 solebat

328 793 625 855 Harpalum,
663 797 748 856 qui
781 794 1093 856 temporibus
1135 792 1228 840 illis
1270 793 1460 856 praedo
1501 792 1622 840 felix
1664 793 1819 840 habe-

326 861 494 916 batur,
519 868 695 907 contra
731 861 851 907 deos
888 863 1237 907 testimonium
1274 861 1441 907 dicere
1477 861 1614 924 quod
1648 864 1701 907 in
1735 860 1819 907 illa

327 926 532 974 fortuna
570 935 677 975 tam
718 928 805 975 diu
844 931 1052 975 viveret.
1123 927 1413 992 Dionysius,
1453 928 1518 976 de
1558 944 1658 991 quo
1698 935 1819 975 ante

327 995 448 1051 dixi,
500 1012 614 1041 cum
664 994 840 1041 fanum
891 994 1222 1057 Proserpinae
1274 994 1443 1042 Locris
1496 994 1820 1057 expilavisset

327 1063 602 1125 navigabat
629 1061 917 1126 Syracusas,
942 1066 1084 1125 isque
1122 1079 1236 1109 cum
1269 1062 1645 1109 secundissumo
1666 1069 1820 1109 vento

326 1146 527 1176 cursum
573 1137 794 1185 teneret,
834 1130 1002 1177 ridens
1042 1128 1356 1176 ‘Videtisne’
1397 1133 1580 1192 inquit,
1621 1129 1820 1186 ‘amici,

328 1213 481 1259 quam
520 1197 654 1244 bona
694 1214 724 1243 a
763 1197 837 1244 dis
877 1196 1228 1244 inmortalibus
1269 1200 1526 1260 navigatio
1565 1197 1819 1260 sacrilegis

327 1263 514 1311 detur?
540 1262 550 1279 ’
620 1264 802 1327 quue³
844 1263 995 1311 homo
1032 1271 1209 1311 acutus
1246 1281 1361 1311 cum
1396 1265 1528 1311 bene
1565 1263 1818 1328 planeque

327 1334 653 1394 percepisset,
692 1335 743 1377 in
778 1331 958 1378 eadem
999 1334 1256 1378 sententia
1287 1332 1682 1394 perseverabat3
1733 1334 1819 1395 qui

327 1415 442 1445 cum
462 1399 527 1445 ad
547 1398 952 1461 Peloponnesum
971 1397 1182 1446 classem
1203 1398 1481 1461 appulisset
1501 1406 1555 1446 et
1573 1402 1624 1445 in
1644 1397 1819 1445 fanum

329 1469 548 1513 venisset
573 1466 702 1513 Iovis
729 1466 970 1530 Olympii,
994 1483 1205 1513 aureum
1229 1469 1276 1513 ei
1299 1467 1525 1513 detraxit
1549 1465 1818 1513 amiculum

327 1533 506 1595 grandi
557 1534 799 1596 pondere,
853 1550 953 1597 quo
1007 1533 1180 1580 Iovem
1232 1540 1436 1581 ornarat
1488 1549 1517 1580 e
1567 1534 1816 1580 manubiis

331 1599 832 1664 Karthaginiensium
859 1609 1104 1665 tyrannus
1135 1600 1279 1657 Gelo,
1309 1608 1464 1664 atque
1491 1603 1544 1647 in
1573 1617 1633 1648 eo
1662 1604 1818 1647 etiam

327 1667 586 1715 cavillatus
621 1675 698 1715 est
730 1675 928 1715 aestate
959 1685 1113 1732 grave
1147 1684 1256 1714 esse
1289 1685 1499 1714 aureum
1530 1667 1818 1724 amiculum,

327 1734 494 1781 hieme
528 1734 785 1799 frigidum,
821 1739 968 1798 eique
1001 1735 1206 1782 laneum
1239 1735 1446 1797 pallium
1479 1738 1669 1791 iniecit,
1702 1751 1817 1782 cum

327 1802 379 1849 id
416 1808 546 1849 esse⁴
587 1803 651 1850 ad
687 1819 835 1849 omne
873 1805 990 1848 anni
1026 1808 1249 1865 tempus⁵
1286 1803 1493 1849 diceret.
1569 1802 1817 1865 Idemque

328 1869 616 1932 Aesculapii
663 1870 905 1932 Epidauri
951 1870 1163 1917 barbam
1211 1886 1418 1917 auream
1465 1870 1600 1917 demi
1655 1873 1816 1925 iussit,

327 1953 494 1999 neque
527 1941 662 1983 enim
693 1941 959 1984 convenire
989 1938 1259 1984 barbatum
1293 1953 1402 1984 esse
1434 1936 1591 1984 filium
1621 1953 1736 1983 cum
1764 1940 1817 1983 in

251 2012 303 2051 84
327 2005 557 2051 omnibus
593 2004 721 2051 fanis
756 2012 904 2067 pater
936 2005 1157 2051 inberbis
1193 2012 1343 2052 esset.
1412 2004 1583 2051 Etiam
1617 2020 1816 2051 mensas

328 2079 597 2134 argenteas
649 2072 714 2119 de
765 2072 995 2118 omnibus
1047 2071 1267 2119 delubris
1317 2074 1462 2118 iussit
1513 2070 1716 2126 auferri,
1765 2074 1816 2117 in

327 2140 507 2202 quibus
545 2156 659 2186 cum
694 2155 834 2186 more
859 2142 1044 2186 veteris
1082 2139 1326 2186 Graeciae
1355 2141 1652 2201 inscriptum
1683 2145 1817 2185 esset

472 2278 488 2303 ¹
519 2279 719 2322 Eleatem
745 2279 954 2320 Marsus:
988 2279 1113 2320 Elete
1137 2280 1175 2318 A
1184 2310 1194 2321 ,
1218 2278 1322 2319 Elee
1343 2279 1398 2326 B,
1420 2278 1555 2319 Eleae
1576 2279 1678 2320 dett.

342 2331 362 2360 ⁸
392 2333 668 2375 inlacrimare
691 2334 773 2374 det.
795 2351 805 2374 ε
835 2335 893 2373 -ri
915 2333 975 2380 A,
998 2333 1051 2373 Β.
1169 2334 1185 2357 ³
1214 2333 1346 2384 idque
1367 2332 1606 2374 Lambinus
1625 2349 1636 2374 ε
1668 2337 1814 2386 atque.

472 2388 490 2412 ⁴
519 2401 611 2428 esse
633 2391 790 2440 aptum
812 2388 914 2428 dett.
1093 2386 1108 2410 ⁵
1141 2391 1315 2439 tempus
1337 2390 1494 2440 aptum
1515 2387 1618 2428 dett.

539 2568 558 2587 ⁰
585 2577 642 2603 sc.
665 2562 740 2603 the
759 2562 952 2606 Phaedo.
1397 2559 1416 2587 ⁸
1443 2561 1622 2614 Apollo.

335 2625 429 2673 368
