1919 3006
949 207 1200 255 CICERO

329 339 656 400 imperatoria
677 354 780 384 non
802 337 1076 383 admodum
1101 337 1495 399 exspectabatur
1518 339 1604 400 qui
1627 335 1823 385 adules-

331 409 552 452 centiam
604 408 657 450 in
707 404 893 451 forensi
946 420 1117 466 opera,
1170 411 1475 466 quaesturae
1526 405 1821 451 diuturnum

328 479 532 534 tempus
554 472 774 518 Murena
791 471 981 518 bellum
1000 475 1051 517 in
1071 470 1234 518 Ponto
1253 479 1467 535 gerente
1486 474 1538 517 in
1556 473 1678 518 Asia
1695 487 1821 534 pace

329 545 726 601 consumpserat.
815 537 915 585 Sed
969 538 1272 585 incredibilis
1327 539 1579 602 quaedam
1631 541 1822 602 ingenii

326 607 626 670 magnitudo
642 623 742 653 non
757 606 1064 653 desideravit
1076 605 1344 653 indocilem
1359 623 1476 653 usus
1492 605 1821 668 disciplinam.

331 673 515 737 Itaque
533 691 647 720 cum
665 680 833 720 totum
850 677 948 720 iter
966 680 1020 720 et
1035 677 1413 737 navigationem
1431 677 1823 736 consumpsisset

330 745 516 803 partim
534 744 586 786 in
602 741 948 803 percontando
968 757 998 786 a
1014 744 1208 803 peritis,
1225 744 1411 803 partim
1428 744 1480 787 in
1497 742 1648 788 rebus
1665 744 1823 805 gestis

332 807 578 871 legendis,
602 811 654 854 in
678 809 853 854 Asiam
879 807 1042 854 factus
1067 811 1343 870 imperator
1367 811 1524 864 venit,
1548 825 1663 855 cum
1688 814 1824 855 esset

332 874 493 921 Roma
534 874 792 938 profectus
834 878 907 921 rei
949 874 1178 921 militaris
1220 876 1372 922 rudis.
1450 875 1647 922 Habuit
1689 878 1825 922 enim

331 943 553 989 divinam
587 943 843 1005 quandam
875 946 1173 989 memoriam
1205 959 1392 999 rerum,
1420 944 1688 990 verborum
1719 958 1826 989 ma-

330 1013 489 1056 iorem
506 1010 827 1065 Hortensius,
843 1010 933 1057 sed
948 1027 1047 1073 quo
1063 1010 1174 1072 plus
1191 1013 1242 1056 in
1258 1013 1475 1074 negotiis
1491 1010 1727 1074 gerendis
1744 1025 1825 1057 res

330 1093 484 1140 quam
525 1078 679 1124 verba
723 1084 953 1140 prosunt,
990 1076 1083 1124 hoc
1125 1084 1236 1124 erat
1275 1081 1520 1124 memoria
1557 1077 1643 1124 illa
1680 1093 1827 1140 prae-

330 1147 576 1200 stantior;
622 1161 775 1207 quam
811 1143 965 1191 fuisse
1007 1147 1059 1190 in
1094 1143 1452 1201 Themistocle,
1488 1161 1642 1208 quem
1677 1143 1825 1191 facile

331 1210 577 1258 Graeciae
603 1215 884 1274 principem
910 1215 1161 1275 ponimus,
1188 1212 1496 1276 singularem
1521 1211 1712 1268 ferunt,
1739 1214 1826 1275 qui

331 1279 538 1342 quidem
559 1283 715 1325 etiam
733 1278 992 1342 pollicenti
1011 1280 1211 1326 cuidam
1230 1296 1284 1326 se
1303 1287 1467 1327 artem
1487 1282 1534 1326 ei
1551 1283 1826 1326 memoriae

330 1362 462 1408 quae
473 1353 585 1393 tum
600 1350 818 1409 primum
828 1346 1183 1409 proferebatur
1192 1347 1499 1394 traditurum
1509 1347 1826 1410 respondisse

331 1413 516 1460 dicitur
543 1413 765 1461 oblivisci
792 1430 846 1461 se
872 1413 1023 1461 malle
1051 1415 1461 1462 discere—credo
1488 1415 1625 1479 quod
1650 1413 1827 1461 haere-

331 1480 459 1527 bant
493 1484 545 1527 in
581 1484 827 1528 memoria
862 1498 1214 1545 quaecumque
1252 1483 1485 1530 audierat
1521 1489 1576 1530 et
1611 1482 1824 1529 viderat.

330 1547 439 1594 Tali
482 1551 687 1612 ingenio
731 1550 992 1612 praeditus
1039 1548 1276 1596 Lucullus
1321 1550 1626 1597 adiunxerat
1669 1552 1826 1596 etiam

330 1614 468 1662 illam
531 1633 684 1680 quam
745 1615 1110 1663 Themistocles
1173 1624 1434 1679 spreverat
1493 1615 1827 1680 disciplinam,

331 1685 526 1745 itaque,
572 1690 632 1730 ut
677 1683 860 1731 litteris
907 1687 1260 1747 consignamus
1306 1700 1439 1748 quae
1483 1686 1827 1731 monumentis

331 1751 575 1797 mandare
616 1750 862 1807 volumus,
902 1754 972 1798 sic
1009 1751 1093 1797 ille
1132 1755 1185 1798 in
1225 1754 1392 1799 animo
1430 1767 1510 1799 res
1548 1750 1826 1814 insculptas

268 1826 293 1866 3
331 1815 570 1864 habebat.
624 1817 818 1865 Tantus
840 1835 960 1882 ergo
978 1822 1256 1881 imperator
1273 1822 1326 1866 in
1344 1822 1481 1866 omni
1498 1834 1688 1883 genere
1706 1817 1825 1866 belli

333 1883 447 1940 fuit,
502 1884 721 1947 proeliis,
777 1887 1257 1949 oppugnationibus,
1311 1885 1572 1933 navalibus
1625 1888 1827 1950 pugnis,

332 1955 593 2015 totiusque
626 1952 744 1999 belli
775 1957 1115 2000 instrumento
1149 1961 1204 2000 et
1236 1954 1502 2017 adparatu,
1532 1960 1592 2001 ut
1621 1952 1704 2000 ille
1734 1969 1825 1999 rex

332 2026 448 2081 post
465 2019 815 2067 Alexandrum
831 2037 1100 2068 maxumus
1116 2019 1250 2067 hunc
1268 2038 1298 2068 a
1313 2037 1366 2068 se
1383 2024 1626 2068 maiorem
1643 2021 1825 2068 ducem

333 2090 594 2150 cognitum
647 2104 801 2151 quam
853 2104 1163 2152 quemquam
1216 2104 1390 2136 eorum
1442 2105 1567 2152 quos
1617 2087 1827 2152 legisset

382 2291 401 2311 ⁰
430 2287 523 2329 The
546 2288 708 2329 second
736 2289 1012 2330 Mithridatio
1034 2289 1156 2338 War,
1180 2293 1318 2331 83-82
1344 2303 1425 2331 1³.c.

382 2341 516 2435 bdi.e.,
548 2343 622 2383 the
654 2344 850 2396 training
880 2343 1094 2396 provided
1128 2343 1189 2396 by
1219 2345 1474 2397 experience
1511 2342 1603 2385 and
1641 2347 1720 2384 not
1756 2343 1820 2397 by

326 2398 410 2511 stuc
433 2410 531 2490 {the
561 2449 673 2502 lyric
703 2454 808 2502 poet
839 2450 1089 2492 Simonides
1122 2450 1172 2491 of
1201 2450 1312 2492 Ceos
1344 2451 1559 2503 (556—467
1594 2450 1711 2503 B.c.),
1743 2451 1818 2493 the

333 2508 535 2543 mventor
556 2504 606 2543 of
623 2505 698 2544 the
717 2509 898 2555 system.

372 2557 723 2668 f{¹6'Mithridates
743 2559 818 2600 the
841 2559 978 2600 Great
1000 2559 1188 2611 (120—63
1213 2559 1329 2610 13.c.),
1351 2558 1464 2612 king
1486 2558 1536 2600 of
1556 2558 1738 2601 Pontus.

338 2626 368 2668 4
444 2658 452 2668 .
