1853 3001
920 152 1172 201 CICERO

297 299 414 332 vero
450 290 508 331 ut
540 282 743 331 fabulae
776 282 948 330 ferunt
980 283 1122 331 bellis
1162 283 1464 347 proeliisque
1503 288 1790 338 caruerunt,

297 367 390 398 nec
431 351 592 398 solum
634 359 692 398 ut
736 352 871 413 apud
914 351 1194 398 Homerum
1238 368 1352 398 cum
1395 352 1496 399 duo
1539 355 1789 398 exercitus

295 422 569 466 contrarios
614 418 696 465 alii
740 419 824 466 dei
867 435 930 465 ex
973 419 1070 465 alia
1112 426 1258 481 parte
1302 417 1657 474 defenderent,
1699 419 1790 466 sed

296 490 452 532 etiam
478 494 536 533 ut
561 503 676 533 cum
700 486 893 533 Titanis
919 493 978 533 ut
1003 503 1118 533 cum
1144 486 1448 550 Gigantibus
1473 503 1564 533 sua
1588 489 1790 549 propria

295 553 428 600 bella
488 560 772 616 gesserunt.
844 553 986 600 Haec
1049 560 1103 600 et
1164 554 1402 600 dicuntur
1463 560 1518 601 et
1578 554 1789 600 credun-

295 628 379 667 tur
408 620 704 668 stultissime
735 628 789 668 et
817 620 969 683 plena
999 628 1117 668 sunt
1145 619 1428 668 futtilitatis
1458 637 1789 683 summaeque

220 693 268 732 71
295 687 533 734 levitatis.
602 687 703 734 Sed
725 695 901 735 tamen
922 687 998 735 his
1022 687 1203 735 fabulis
1227 692 1408 751 spretis
1433 704 1491 735 ac
1512 688 1790 751 repudiatis

294 754 418 802 deus
442 758 702 817 pertinens
727 771 819 818 per
849 763 1086 803 naturam
1118 759 1360 819 cuiusque
1391 758 1481 811 rei,
1506 771 1598 818 per
1628 763 1788 802 terras

294 821 446 869 Ceres
490 838 582 884 per
624 826 783 869 maria
827 822 1097 885 Neptunus
1143 822 1223 869 alii
1267 839 1359 885 per
1402 823 1516 879 alia,
1547 829 1789 885 poterunt

294 888 524 952 intellegi
550 893 635 953 qui
661 890 940 953 qualesque
965 894 1083 944 sint,
1109 906 1312 953 quoque
1338 906 1422 937 eos
1448 893 1651 937 nomine
1676 906 1790 936 con-

293 957 511 1004 suetudo
536 961 920 1020 nuncupaverit,
945 957 1039 1005 hoc
1073 963 1178 1005 eos¹
1209 965 1263 1005 et
1286 960 1514 1004 venerari
1545 964 1598 1004 et
1627 956 1791 1004 colere

295 1023 556 1072 debemus.
626 1024 804 1072 Cultus
834 1032 1009 1073 autem
1037 1025 1248 1073 deorum
1278 1033 1355 1072 est
1384 1028 1604 1087 optimus
1633 1024 1791 1072 idem-

296 1107 396 1155 que
437 1095 744 1140 castissimus
787 1100 944 1156 atque
985 1096 1327 1140 sanctissimus
1369 1092 1789 1155 plenissimusque

296 1161 503 1222 pietatis
543 1167 601 1207 ut
640 1176 725 1207 eos
763 1176 966 1223 semper
1003 1177 1130 1223 pura
1167 1164 1369 1224 integra
1406 1163 1698 1222 incorrupta
1736 1166 1790 1206 et

295 1233 471 1274 mente
523 1234 577 1274 et
612 1243 734 1275 voce
770 1244 1085 1275 veneremur.
1156 1227 1270 1275 Non
1321 1230 1457 1275 enim
1507 1225 1789 1289 philosophi

296 1292 457 1340 solum
488 1310 664 1341 verum
696 1298 852 1342 etiam
882 1299 1097 1343 maiores
1127 1298 1284 1342 nostri
1316 1298 1730 1358 superstitionem
1761 1310 1791 1340 a

220 1365 272 1405 72
298 1360 539 1424 religione
573 1370 952 1425 separaverunt.
1022 1362 1153 1409 Nam
1188 1366 1273 1426 qui
1307 1369 1444 1410 totos
1478 1362 1585 1410 dies
1619 1377 1791 1424 preca-

297 1429 484 1475 bantur
519 1436 574 1476 et
607 1429 941 1478 immolabant
976 1437 1034 1478 ut
1069 1431 1162 1477 sibi
1199 1433 1275 1477 sui
1310 1429 1452 1476 liberi
1490 1432 1790 1492 superstites

298 1503 468 1543 essent
486 1500 822 1559 superstitiosi
842 1505 961 1545 sunt
982 1497 1241 1560 appellati,
1262 1498 1398 1560 quod
1418 1513 1603 1544 nomen
1622 1500 1791 1559 patuit

296 1570 477 1625 postea
516 1563 703 1620 latius3
763 1568 849 1629 qui
892 1573 1067 1612 autem
1108 1568 1276 1612 omnia
1318 1581 1449 1627 quae
1493 1565 1557 1610 ad
1598 1563 1790 1610 cultum

296 1630 507 1678 deorum
540 1635 860 1694 pertinerent
894 1632 1167 1697 diligenter
1199 1639 1540 1679 retractarent
1575 1639 1629 1678 et
1662 1638 1790 1678 tam-

296 1714 449 1760 quam
487 1698 793 1763 relegerent,
830 1698 957 1750 <hi>2
1003 1707 1122 1747 sunt
1169 1700 1291 1747 dicti
1338 1699 1555 1762 religiosi
1604 1714 1668 1745 ex
1714 1714 1792 1744 re-

296 1763 529 1828 legendo,
567 1774 625 1813 ut
662 1766 924 1830 elegantes
956 1783 1019 1814 ex
1054 1767 1287 1831 eligendo
1326 1783 1390 1814 ex
1426 1766 1681 1830 diligendo
1718 1765 1791 1813 di-

296 1831 514 1895 ligentes
546 1850 609 1880 ex
639 1835 985 1898 intellegendo
1015 1835 1411 1898 intellegentes;
1454 1833 1529 1880 his
1568 1836 1703 1880 enim
1739 1836 1790 1878 in

298 1900 461 1946 verbis
509 1902 739 1948 omnibus
787 1906 920 1949 inest
966 1906 1037 1949 vis
1084 1902 1288 1965 legendi
1335 1901 1516 1948 eadem
1562 1916 1693 1964 quae
1738 1903 1790 1946 in

295 1966 542 2030 religioso.
613 1968 694 2015 Ita
717 1968 910 2015 factum
934 1976 1012 2016 est
1034 1973 1086 2015 in
1109 1972 1458 2032 superstitioso
1482 1975 1536 2015 et
1557 1967 1790 2031 religioso

297 2032 513 2081 alterum
539 2038 646 2082 vitii
672 2053 857 2083 nomen
883 2036 1101 2083 alterum
1126 2037 1301 2083 laudis.
1372 2037 1446 2082 Ac
1471 2034 1594 2081 mihi
1619 2035 1791 2081 videor

294 2104 416 2148 satis
441 2109 494 2149 et
518 2118 627 2149 esse
650 2103 771 2150 deos
796 2111 850 2151 et
873 2103 1046 2167 quales
1072 2111 1242 2151 essent
1265 2103 1560 2150 ostendisse.

476 2220 491 2244 ²
523 2219 606 2261 hoc
626 2233 700 2262 eos
721 2221 824 2262 Keil
844 2238 856 2264 ε
888 2221 967 2262 hos
987 2221 1107 2264 deos.
1296 2221 1314 2246 ²
1344 2221 1448 2262 add.
1469 2220 1657 2261 Nonius.

347 2348 364 2368 ⁶
395 2343 601 2386 Scholars
639 2360 713 2388 are
742 2346 921 2387 divided
949 2360 998 2388 as
1036 2351 1082 2387 to
1119 2346 1314 2386 whether
1342 2346 1428 2386 this
1457 2345 1713 2398 etymology
1753 2346 1788 2386 is

292 2403 460 2439 correct
479 2413 528 2439 or
548 2400 742 2440 whether
761 2401 917 2452 reliqio
937 2402 973 2441 is
991 2400 1234 2441 connected
1259 2400 1363 2441 with
1392 2401 1544 2452 Ζὶρανε,
1566 2413 1614 2440 as
1635 2400 1788 2440 Cicero

294 2451 474 2492 himself
487 2458 691 2505 suggests
720 2453 953 2495 elsewhere
978 2454 1040 2508 by
1060 2454 1127 2495 his
1157 2454 1338 2507 phrases
1365 2454 1576 2506 reliqione
1604 2453 1789 2494 obstrin-

292 2519 404 2557 9ere,
428 2507 656 2559 impedire.
675 2508 800 2553 solvi,

313 2575 405 2624 192
