1919 3006
950 188 1202 237 CICERO

326 306 625 356 senserunt3
674 297 906 345 Socrates
943 304 1118 344 autem
1149 298 1214 345 de
1245 314 1299 345 se
1329 301 1438 362 ipse
1469 297 1742 347 detrahens
1772 303 1824 347 in

326 381 671 446 disputatione
691 380 803 443 plus
824 380 1086 426 tribuebat
1106 383 1164 426 iis
1186 396 1311 443 quos
1332 380 1537 427 volebat
1555 379 1789 428 refellere
1812 396 1824 438 3

326 466 401 511 ita
442 479 557 510 cum
600 461 737 509 aliud
779 461 973 509 diceret
1016 468 1172 524 atque
1215 464 1446 518 sentiret,
1488 461 1708 510 libenter
1748 465 1824 510 uti

328 544 504 592 solitus
546 549 624 591 est
664 559 725 590 ea
757 542 1156 590 dissimulatione
1189 559 1343 606 quam
1373 542 1554 590 Graeci
1591 543 1826 606 εἰρωνείαν

329 632 512 673 vocant
535 640 546 680 ;
593 641 747 689 quam
776 627 848 671 ait
877 627 1033 671 etiam
1060 627 1113 670 in
1140 622 1379 671 Africano
1406 623 1561 671 fuisse
1590 625 1828 682 Fannius,

329 708 484 770 idque
509 713 784 770 propterea
808 709 1044 752 vitiosum
1069 708 1122 751 in
1146 705 1230 752 illo
1256 722 1358 752 non
1382 706 1669 768 putandum
1695 705 1831 770 quod

329 789 470 836 idem
493 787 649 834 fuerit
671 791 723 834 in
747 786 969 834 Socrate.

253 880 305 921 16
393 869 481 916 VI.
519 868 546 885 “
572 868 674 916 Sed
701 868 892 915 fuerint
918 868 1004 914 illa
1032 874 1246 924 vetera,1
1275 871 1317 915 si
1344 868 1510 925 voltis,
1537 872 1797 932 incognita
1819 884 1832 917 ι

329 951 519 999 nihilne
541 957 620 998 est
639 954 795 1014 igitur
817 957 987 997 actum
1008 950 1145 1013 quod
1164 953 1473 1014 investigata
1493 957 1612 997 sunt
1631 957 1832 1013 postea-

331 1050 484 1097 quam
511 1032 779 1087 Arcesilas,
806 1031 997 1078 Zenoni
1025 1031 1104 1094 (ut
1129 1031 1362 1095 putatur)
1391 1032 1682 1078 obtrectans
1709 1031 1831 1078 nihil

333 1118 448 1163 novi
487 1117 765 1177 reperienti
806 1113 897 1160 sed
939 1113 1233 1160 emendanti
1274 1116 1556 1176 superiores
1596 1117 1833 1160 immuta-

331 1201 472 1244 tione
508 1196 793 1251 verborum,
830 1195 952 1242 dum
983 1193 1130 1241 huius
1165 1194 1485 1241 definitiones
1520 1193 1832 1242 labefactare

332 1278 438 1325 volt
457 1283 667 1325 conatus
696 1283 774 1323 est
799 1276 1080 1322 clarissimis
1100 1276 1251 1322 rebus
1276 1276 1516 1323 tenebras
1541 1276 1794 1323 obducere
1816 1275 1835 1322 ?

333 1360 487 1407 Cuius
509 1362 671 1422 primo
694 1375 796 1404 non
820 1357 1093 1404 admodum
1115 1358 1332 1420 probata
1352 1360 1500 1412 ratio,
1524 1373 1833 1420 quamquam

332 1441 502 1488 floruit
535 1457 650 1487 cum
684 1443 914 1486 acumine
947 1442 1138 1503 ingenii
1161 1445 1273 1485 tum
1307 1438 1588 1485 admirabili
1613 1438 1833 1502 quodam

331 1523 505 1586 lepore
540 1521 757 1577 dicendi,
791 1523 1021 1584 proxime
1056 1536 1086 1566 a
1120 1519 1326 1583 Lacyde
1360 1519 1465 1567 solo
1498 1526 1703 1567 retenta
1737 1526 1834 1576 est,

332 1611 449 1669 post
491 1610 665 1650 autem
707 1601 940 1649 confecta
981 1618 1011 1648 a
1052 1601 1333 1657 Carneade,
1375 1604 1462 1665 qui
1504 1608 1583 1648 est
1623 1608 1833 1664 quartus

334 1688 397 1733 ab
427 1685 669 1740 Arcesila,
697 1684 889 1731 audivit
915 1686 1049 1730 enim
1082 1682 1399 1746 Hegesinum
1424 1685 1510 1746 qui
1538 1682 1834 1729 Euandrum

334 1768 565 1814 audierat
601 1765 793 1829 Lacydi
826 1764 1143 1827 discipulum,
1169 1781 1283 1811 cum
1312 1763 1569 1810 Arcesilae
1603 1763 1833 1827 Lacydes

334 1849 528 1896 fuisset.
598 1846 700 1894 Sed
730 1850 838 1909 ipse
872 1846 1160 1893 Carneades
1193 1846 1280 1893 diu
1311 1848 1498 1901 tenuit,
1529 1861 1648 1892 nam
1679 1861 1834 1892 nona-

334 1934 479 1994 ginta
511 1932 638 1976 vixit
671 1944 845 1984 annos,
881 1935 934 1974 et
967 1930 1053 1991 qui
1085 1927 1226 1973 illum
1260 1927 1528 1974 audierant
1560 1926 1833 1974 admodum

335 2012 631 2066 floruerunt,
673 2026 700 2056 e
741 2010 922 2072 quibus
961 2009 1240 2056 industriae
1279 2008 1551 2071 plurimum
1589 2011 1642 2054 in
1681 2007 1834 2054 Clito-

332 2092 512 2141 macho
558 2090 657 2138 fuit
703 2090 950 2154 (declarat
996 2089 1271 2137 multitudo
1319 2089 1597 2153 librorum),
1644 2091 1833 2152 ingenii

338 2192 439 2222 non
473 2177 637 2220 minus
672 2176 725 2219 in
759 2172 1050 2236 Hagnone,²
1085 2174 1137 2218 in
1171 2170 1457 2218 Charmada
1492 2170 1833 2234 eloquentiae,

395 2273 412 2298 ²
439 2271 660 2313 veteribus
680 2270 874 2322 Bentley.

395 2327 412 2352 ²
441 2328 486 2366 in
519 2326 741 2377 Hagnone
774 2324 951 2364 Christ:
1000 2325 1045 2364 in
1075 2323 1159 2364 hac
1187 2335 1334 2364 nonne
1361 2321 1420 2374 (et
1448 2322 1559 2374 alia)
1591 2322 1741 2364 codd:
1783 2322 1829 2363 in

337 2380 557 2422 Aeschine
575 2379 753 2419 Davies.

395 2500 415 2520 ⁸
445 2494 578 2536 Little
601 2508 649 2535 or
673 2494 861 2546 nothing
884 2495 919 2534 is
943 2492 1108 2533 known
1133 2491 1182 2532 of
1200 2492 1288 2532 this
1310 2490 1594 2544 philosopher
1617 2503 1666 2531 οι·
1688 2489 1738 2531 of
1755 2491 1830 2532 the

340 2550 487 2590 others
506 2548 759 2589 mentioned
777 2550 822 2589 in
840 2548 926 2588 this
944 2549 1124 2588 Section.

337 2620 433 2662 486
