1919 3006
955 153 1207 202 CICERO

334 291 413 332 est
437 301 447 331 :
516 292 573 331 ut
623 290 789 331 mater
839 285 1066 346 geminos
1117 284 1414 328 internoscit
1463 281 1828 328 consuetudine

334 366 607 421 oculorum,
640 369 708 412 sic
739 373 797 412 tu
827 367 1138 411 internosces
1169 366 1210 410 si
1242 363 1544 410 adsueveris.
1608 362 1830 410 Videsne

334 454 391 494 ut
410 451 461 493 in
481 447 744 509 proverbio
765 448 830 492 sit
850 461 1056 491 ovorum
1075 448 1209 491 inter
1228 460 1281 490 se
1302 443 1575 491 similitudo
1598 444 1618 490 ?
1655 451 1830 491 tamen

334 526 427 574 hoc
470 530 771 590 accepimus,
816 525 932 572 Deli
973 523 1127 572 fuisse
1170 524 1451 587 complures
1493 524 1638 572 salvis
1679 526 1830 572 rebus

334 607 427 655 illis
479 611 564 671 qui
613 607 823 672 gallinas
876 607 1010 653 alere
1059 606 1338 669 permultas
1389 613 1631 669 quaestus
1681 623 1833 654 causa

335 688 590 744 solerent3
638 691 671 734 ii
702 705 817 735 cum
848 705 998 735 ovum
1026 690 1373 750 inspexerant,
1405 703 1536 751 quae
1565 688 1618 734 id
1647 687 1834 751 gallina

258 780 309 819 58
333 773 616 832 peperisset
641 770 808 816 dicere
834 768 1080 816 solebant.
1141 768 1321 832 Neque
1346 769 1398 815 id
1423 775 1502 816 est
1526 776 1702 816 contra
1724 785 1833 825 nos,

334 867 452 896 nam
487 851 629 897 nobis
665 853 787 897 satis
824 857 902 897 est
936 866 1031 897 ova
1062 849 1148 896 illa
1181 866 1283 896 non
1315 853 1677 906 internoscere,
1711 849 1833 896 nihil

335 935 470 978 enim
502 935 663 995 magis
702 932 943 978 adsentiri
979 948 1070 994 par
1113 938 1192 978 est
1233 929 1327 978 hoc
1362 930 1487 978 illud
1523 947 1632 978 esse
1669 935 1830 995 quasi¹

335 1016 468 1060 inter
504 1012 589 1059 illa
625 1016 828 1059 omnino
865 1012 988 1059 nihil
1022 1015 1330 1069 interesset3
1385 1011 1550 1060 habeo
1587 1015 1723 1060 enim
1758 1028 1836 1060 re-

335 1094 506 1157 gulam
530 1101 588 1141 ut
609 1093 733 1141 talia
755 1097 860 1141 visa
881 1111 1001 1141 vera
1021 1095 1240 1141 iudicem
1263 1093 1431 1158 qualia
1452 1092 1580 1141 falsa
1602 1110 1712 1142 esse
1734 1111 1836 1142 non

335 1179 529 1238 possint
552 1191 563 1232 ;
605 1176 668 1222 ab
689 1174 784 1222 hac
805 1175 927 1222 mihi
949 1192 1051 1223 non
1071 1175 1191 1223 licet
1211 1182 1572 1232 transversum,
1594 1183 1654 1223 ut
1675 1178 1836 1232 aiunt,

336 1257 554 1321 digitum
581 1257 858 1313 discedere,
885 1273 950 1304 ne
976 1256 1284 1304 confundam
1310 1260 1493 1304 omnia.
1553 1257 1673 1304 Veri
1699 1260 1835 1305 enim

337 1345 391 1385 et
417 1337 529 1385 falsi
557 1355 659 1385 non
685 1339 836 1386 modo
865 1342 1086 1402 cognitio
1115 1339 1206 1386 sed
1234 1342 1390 1386 etiam
1417 1346 1602 1386 natura
1628 1338 1838 1386 tolletur

337 1423 377 1466 si
411 1419 534 1466 nihil
569 1423 666 1467 erit
700 1421 837 1483 quod
869 1423 1087 1476 intersit,
1121 1427 1180 1468 ut
1215 1424 1372 1467 etiam
1405 1419 1529 1468 illud
1563 1420 1838 1468 absurdum

337 1504 402 1548 sit
419 1502 824 1564 quodinterdum
841 1501 1012 1549 soletis
1029 1503 1215 1558 dicere,
1226 1519 1340 1549 cum
1352 1505 1456 1549 visa
1470 1505 1522 1548 in
1539 1504 1730 1549 animos
1745 1505 1837 1548 im·-

337 1585 636 1645 primantur,
655 1600 757 1630 non
782 1600 867 1630 vos
891 1584 944 1630 id
968 1584 1153 1640 dicere,
1168 1587 1303 1630 inter
1327 1587 1460 1647 ipsas
1483 1586 1836 1647 impressiones

337 1663 459 1710 nihil
491 1667 755 1720 interesse,
783 1665 873 1712 sed
906 1669 1039 1711 inter
1065 1668 1257 1728 species
1289 1672 1343 1712 et
1373 1665 1618 1728 quasdam
1650 1663 1836 1712 formas

339 1761 527 1792 eorum.
590 1745 747 1804 Quasi
775 1763 892 1793 vero
919 1764 1021 1793 non
1048 1750 1215 1809 specie
1242 1749 1349 1794 visa
1373 1747 1678 1802 iudicentur,
1704 1762 1836 1810 quae

339 1827 490 1874 fidem
529 1826 718 1874 nullam
756 1826 1021 1875 habebunt
1059 1827 1260 1875 sublata
1297 1831 1401 1875 veri
1440 1835 1494 1876 et
1529 1826 1642 1875 falsi
1678 1827 1834 1875 nota!

259 1918 313 1957 59
341 1907 471 1954 Illud
505 1925 621 1955 vero
657 1910 1026 1971 perabsurdum
1064 1910 1199 1973 quod
1235 1910 1399 1956 dicitis
1436 1909 1715 1972 probabilia
1750 1925 1836 1956 vos

338 1993 481 2052 sequi
511 1993 549 2036 si
579 1989 716 2036 nulla
744 2007 798 2036 re
827 1992 1189 2053 impediamini.
1255 1990 1478 2037 Primum
1508 1994 1592 2054 qui
1622 1993 1837 2054 potestis

337 2087 437 2117 non
465 2072 697 2134 impediri
727 2088 841 2118 cum
872 2088 902 2118 a
929 2075 1058 2118 veris
1086 2071 1213 2119 falsa
1240 2089 1342 2119 non
1370 2072 1604 2119 distent?
1651 2071 1837 2118 deinde

730 2192 870 2242 ³quasi
897 2190 1107 2242 BIadciye
1138 2204 1274 2242 quam
1296 2192 1332 2231 si
1351 2190 1474 2231 codd.

399 2341 416 2360 ⁰
447 2336 617 2388 Species
644 2336 746 2376 here
774 2336 1001 2376 combines
1030 2337 1104 2376 the
1132 2349 1257 2377 sense
1278 2336 1327 2377 of
1350 2337 1359 2352 ⁸
1379 2349 1678 2388 appearances
1697 2336 1707 2352 ’
1729 2336 1834 2376 with

341 2390 439 2430 that
457 2390 505 2430 of
521 2391 530 2406 ‘
552 2389 685 2430 kinds
706 2390 715 2406 ’
736 2390 878 2430 which
904 2392 937 2430 it
959 2389 1047 2430 still
1069 2390 1196 2430 bears
1220 2392 1264 2430 in
1293 2389 1511 2443 zoology;
1547 2392 1581 2431 it
1602 2389 1835 2431 translates

344 2447 440 2491 εἴδη,
495 2443 585 2484 and
639 2444 853 2496 quasdam
908 2443 1060 2484 marks
1103 2444 1279 2497 formas
1331 2456 1382 2485 as
1434 2457 1492 2485 an
1546 2443 1834 2497 explanatory

339 2510 578 2550 synonym.

351 2567 444 2608 5420
