1853 3001
876 196 1128 244 CICERO

251 344 314 375 ea
341 330 657 391 praestitisse
688 343 821 390 quae
850 330 980 374 ratio
1012 334 1066 373 et
1095 327 1327 374 doctrina
1354 326 1750 389 praescripserit.

255 415 341 462 IV.
379 414 466 462 Sin
492 422 666 462 autem
693 417 802 477 quis
828 417 1041 477 requirit
1066 431 1198 477 quae
1224 430 1376 460 causa
1399 429 1490 460 nos
1513 411 1754 475 inpulerit

254 511 313 551 ut
337 502 463 550 haec
487 510 596 549 tam
621 519 732 549 sero
756 502 941 548 litteris
965 502 1342 557 mandaremus,
1366 499 1490 547 nihil
1515 507 1594 547 est
1618 499 1755 563 quod

255 592 498 654 expedire
534 598 642 637 tam
678 589 825 637 facile
861 593 1124 652 possimus.
1194 589 1326 635 Nam
1359 605 1474 636 cum
1510 591 1614 634 otio
1649 586 1755 634 lan-

255 695 528 743 gueremus
572 686 626 725 et
660 682 701 725 is
751 685 886 725 esset
932 681 1005 724 rei
1052 677 1285 740 publicae
1333 683 1498 723 status
1545 682 1604 722 ut
1640 691 1754 722 eam

256 770 403 814 unius
443 766 648 814 consilio
689 773 845 830 atque
885 782 1005 812 cura
1043 767 1317 829 gubernari
1355 781 1562 811 necesse
1603 769 1757 819 esset,

255 859 475 918 primum
494 858 649 917 ipsius
669 857 743 900 rei
760 853 994 917 publicae
1016 871 1167 900 causa
1184 852 1554 916 philosophiam
1574 853 1758 898 nostris

255 942 542 990 hominibus
593 942 947 1005 explicandam
994 945 1190 1004 putavi,
1238 944 1411 1004 magni
1461 943 1757 987 existimans

255 1034 503 1078 interesse
542 1031 607 1077 ad
645 1031 798 1078 decus
838 1037 892 1077 et
930 1030 996 1077 ad
1031 1029 1237 1076 laudem
1274 1032 1493 1076 civitatis
1529 1044 1610 1075 res
1647 1035 1756 1074 tam

253 1123 420 1184 gravis
451 1127 662 1182 tamque
692 1117 977 1181 praeclaras
1010 1117 1205 1164 Latinis
1238 1120 1395 1164 etiarn
1424 1116 1609 1164 litteris
1640 1132 1757 1163 con-

206 1215 232 1255 8
255 1211 407 1255 tineri
429 1223 441 1263 ;
488 1223 651 1270 eoque
677 1223 761 1253 me
787 1209 954 1252 minus
979 1209 1204 1252 instituti
1230 1209 1331 1252 mei
1358 1208 1593 1268 paenitet
1619 1203 1758 1268 quod

256 1295 403 1343 facile
431 1299 595 1342 sentio
625 1312 778 1359 quam
804 1294 1080 1341 multorum
1107 1311 1209 1341 non
1234 1294 1386 1341 modo
1413 1293 1639 1341 discendi
1665 1292 1756 1340 sed

257 1388 414 1432 etiam
476 1384 728 1431 scribendi
789 1384 958 1430 studia
1018 1385 1390 1429 commoverim.
1460 1380 1755 1444 Complures

257 1476 394 1520 enim
436 1473 642 1519 Graecis
682 1472 1087 1518 institutionibus
1129 1471 1314 1518 eruditi
1356 1487 1417 1517 ea
1457 1486 1589 1533 quae
1629 1469 1757 1516 didi-

257 1568 434 1608 cerant
465 1577 580 1607 cum
611 1561 800 1607 civibus
833 1563 932 1606 suis
964 1562 1335 1606 communicare
1366 1575 1468 1605 non
1497 1564 1756 1621 poterant,

258 1650 395 1713 quod
414 1648 498 1695 illa
519 1665 650 1712 quae
672 1665 701 1694 a
723 1648 928 1694 Graecis
950 1651 1264 1710 accepissent
1286 1646 1469 1693 Latine
1490 1647 1588 1693 dici
1606 1661 1754 1708 posse

258 1737 547 1784 diffiderent
567 1753 577 1783 z
613 1752 712 1799 quo
732 1738 782 1781 in
801 1751 991 1798 genere
1011 1741 1215 1781 tantum
1233 1733 1504 1796 profecisse
1525 1733 1755 1780 videmur

259 1831 318 1871 ut
361 1841 391 1870 a
433 1824 638 1871 Graecis
681 1840 745 1870 ne
787 1825 1055 1870 verborum
1094 1823 1301 1886 quidem
1347 1825 1492 1885 copia
1531 1825 1754 1869 vincere·

209 1919 236 1959 9
259 1929 386 1959 mur.
456 1912 677 1958 Hortata
711 1915 867 1958 etiam
901 1918 980 1957 est
1013 1918 1070 1957 ut
1102 1927 1184 1957 me
1219 1911 1284 1958 ad
1315 1909 1441 1956 haec
1472 1908 1754 1957 conferrem

259 2003 414 2047 animi
449 2000 716 2063 aegritudo
750 1998 985 2045 fortunae
1019 2015 1207 2062 magna
1242 2005 1295 2044 et
1327 2001 1468 2062 gravi
1502 2004 1757 2044 commota

258 2091 440 2135 iniuria
463 2103 474 2143 ;
508 2091 647 2134 cuius
665 2091 704 2134 si
720 2090 964 2134 maiorem
981 2086 1201 2150 aliquam
1214 2085 1521 2132 levationem
1533 2089 1755 2148 reperire

257 2179 555 2240 potuissem,
602 2192 703 2222 non
749 2176 815 2222 ad
859 2174 989 2221 hanc
1034 2177 1354 2237 potissimum
1399 2172 1756 2237 confugissem,

261 2280 323 2310 ea
351 2279 469 2310 vero
497 2267 606 2326 ipsa
635 2262 772 2309 nulla
799 2266 996 2309 ratione
1025 2261 1205 2308 melius
1233 2261 1330 2308 frui
1359 2264 1504 2324 potui
1533 2278 1687 2324 quam
1715 2263 1754 2307 si

259 2367 343 2398 me
368 2367 469 2397 non
493 2351 644 2398 modo
671 2351 736 2397 ad
759 2350 1003 2414 legendos
1027 2349 1178 2396 libros
1203 2350 1294 2396 sed
1319 2352 1475 2396 etiam
1501 2349 1566 2396 ad
1589 2355 1753 2396 totam

541 2547 559 2566 ⁰
589 2541 683 2582 The
702 2540 835 2582 death
857 2541 908 2581 of
923 2540 991 2581 his
1011 2540 1231 2593 daughter
1251 2541 1296 2580 in
1317 2542 1372 2580 45
1394 2553 1474 2581 mc.

271 2622 331 2664 10
