1853 3001
850 211 1101 260 CICERO

229 349 465 390 naturam
519 340 845 405 [universam]
901 347 1078 404 atque1
1132 345 1301 388 omnia
1353 346 1719 400 continentem,

230 417 341 456 tum
367 408 579 455 fatalem
606 413 726 454 vim2
755 415 809 454 et
834 412 1195 455 necessitatem
1220 425 1390 455 rerum
1415 409 1720 466 futurarum,

229 481 402 540 ignem
428 483 699 538 praeterea
727 474 843 539 [et]³
877 491 992 522 eum
1023 492 1177 538 quem
1206 483 1327 523 ante
1357 476 1462 522 dixi
1490 476 1719 533 aethera,

230 552 342 591 tum
369 559 431 590 ea
455 559 587 606 quae
613 550 797 589 natura
821 542 1041 589 fluerent
1066 550 1223 606 atque
1247 551 1534 600 manarent,
1559 550 1638 591 ut⁴
1663 550 1719 591 et

231 627 417 674 aquam
450 617 504 657 et
537 617 727 657 terram
765 617 818 656 et
855 616 992 665 aera,
1020 609 1178 656 solem
1209 609 1382 656 lunam
1413 611 1580 658 sidera
1609 614 1719 657 uni-

231 683 519 740 tatemque⁵
561 693 730 723 rerum
772 694 872 740 qua
914 680 1082 723 omnia
1123 680 1523 734 continerentur,
1564 685 1722 742 atque

233 749 389 792 etiam
427 744 656 791 homines
696 760 780 791 eos
817 747 900 807 qui
939 744 1362 791 inmortalitatem
1401 752 1573 792 essent
1609 761 1725 792 con-

152 821 208 859 40
231 815 408 859 secuti.
477 812 726 874 Idemque
762 812 992 873 disputat
1026 811 1237 858 aethera
1273 828 1383 858 esse
1419 828 1536 859 eum
1572 828 1723 875 quem

231 879 460 926 homines
503 878 677 925 Iovem
719 878 1053 940 appellarent,
1079 882 1267 941 quique
1309 884 1399 925 aer
1437 895 1529 942 per
1568 881 1726 925 maria

231 953 466 993 manaret
498 962 615 992 eum
650 962 759 991 esse
794 945 1110 1007 Neptunum,
1141 953 1435 1009 terramque
1469 962 1583 992 eam
1616 961 1727 993 esse

233 1030 365 1077 quae
401 1012 553 1059 Ceres
587 1013 858 1068 diceretur,
892 1012 1142 1075 similique
1174 1016 1372 1060 ratione
1405 1016 1728 1075 persequitur

235 1079 478 1128 vocabula
499 1079 808 1142 reliquorum
832 1080 1057 1126 deorum.
1127 1079 1396 1143 Idemque⁶
1420 1083 1577 1126 etiam
1599 1078 1727 1143 legis

232 1155 514 1210 perpetuae
545 1155 597 1193 et
627 1154 868 1193 aeternae
897 1151 1015 1203 vim,
1044 1163 1175 1210 quae
1205 1150 1348 1210 quasi
1375 1147 1479 1194 dux
1507 1150 1644 1193 vitae
1673 1153 1728 1194 et

233 1218 478 1278 magistra
503 1215 776 1261 officiorum
804 1217 886 1270 sit,
908 1213 1081 1260 Iovem
1108 1214 1231 1261 dicit
1258 1230 1386 1270 esse,
1406 1215 1727 1277 eandemque

233 1281 445 1329 fatalem
488 1285 850 1328 necessitatem
907 1280 1131 1344 appellat
1178 1287 1314 1329 <et>⁷
1361 1284 1726 1344 sempiternam

232 1366 402 1396 rerum
417 1347 704 1395 futurarum
728 1351 1025 1403 veritatem3
1062 1365 1275 1411 quorum
1300 1347 1423 1394 nihil
1446 1347 1550 1394 tale
1571 1355 1650 1395 est
1667 1354 1727 1394 ut

154 1424 204 1463 41
233 1420 286 1462 in
311 1433 371 1462 eo
396 1419 467 1462 vis
491 1416 659 1463 divina
681 1419 847 1462 inesse
870 1416 1117 1462 videatur.
1186 1416 1255 1462 Et
1278 1414 1404 1461 haec
1433 1415 1640 1478 quidem
1674 1418 1728 1461 in

232 1487 395 1546 primo
414 1482 540 1529 libro
561 1483 624 1529 de
640 1490 823 1529 natura
840 1483 1050 1529 deorum
1074 1497 1085 1538 ;
1121 1485 1173 1528 in
1192 1483 1413 1529 secundo
1433 1489 1608 1529 autem
1623 1480 1729 1528 volt

235 1549 427 1613 Orphei
464 1550 666 1596 Musaei
699 1550 911 1596 Hesiodi
944 1550 1256 1612 Homerique
1290 1548 1502 1596 fabellas
1536 1565 1730 1595 accom-

233 1618 442 1664 modare
464 1618 529 1664 ad
550 1634 611 1663 ea
631 1633 763 1680 quae
782 1621 891 1679 ipse
911 1620 1073 1679 primo
1093 1615 1219 1663 libro
1241 1617 1305 1664 de
1326 1617 1433 1663 deis
1453 1615 1731 1663 inmortali-

235 1685 329 1732 bus
355 1685 592 1740 dixerat,⁸
618 1691 676 1730 ut
706 1687 862 1730 etiam
886 1687 1144 1730 veterrimi
1173 1691 1376 1746 poetae,
1402 1687 1488 1746 qui
1512 1682 1639 1729 haec
1663 1698 1729 1729 ne

235 1755 474 1814 suspicati
493 1752 700 1814 quidem
716 1755 854 1807 sint,⁹
871 1750 1025 1797 Stoici
1042 1750 1195 1797 fuisse
1208 1751 1492 1798 videantur.
1561 1749 1729 1808 Quem

237 1818 496 1882 Diogenes
543 1817 851 1881 Babylonius
897 1834 1213 1881 consequens
1258 1820 1312 1864 in
1360 1834 1420 1864 eo
1468 1816 1595 1864 libro
1643 1819 1729 1880 qui

235 1887 523 1933 inscribitur
538 1887 602 1933 de
621 1885 856 1932 Minerva
869 1893 1073 1948 partum
1092 1885 1222 1931 Iovis
1238 1892 1509 1947 ortumque
1526 1886 1731 1948 virginis

238 1954 302 2000 ad
323 1952 692 2016 physiologiam
712 1953 984 2000 traducens
1007 1953 1226 2016 diiungit
1248 1968 1278 1998 a
1298 1950 1487 1998 fabula.

159 2028 213 2066 42
301 2020 438 2067 XVI.
476 2020 502 2035 “
527 2021 751 2082 Exposui
767 2019 876 2066 fere
895 2037 995 2066 non
1011 2018 1420 2082 philosophorum
1438 2018 1621 2065 iudicia
1637 2017 1727 2064 sed

238 2087 560 2134 delirantium
577 2091 785 2135 somnia.
854 2087 960 2133 Nec
979 2090 1112 2133 enim
1128 2086 1289 2133 multo
1307 2086 1598 2133 absurdiora
1609 2090 1728 2131 sunt

239 2170 300 2200 ea
331 2171 462 2217 quae
492 2162 760 2226 poetarum
783 2155 984 2200 vocibus
1007 2153 1117 2200 fusa
1140 2157 1248 2213 ipsa
1270 2157 1521 2200 suavitate
1543 2167 1725 2198 nocue-

236 2223 369 2271 runt,
419 2231 505 2277 qui
553 2222 608 2262 et
653 2218 728 2262 ira
774 2215 1114 2262 inflammatos
1164 2222 1218 2261 et
1265 2215 1473 2261 libidine
1519 2213 1733 2261 furentis

268 2292 282 2316 ¹
317 2290 600 2344 [universam]
619 2295 754 2342 atque
770 2291 965 2331 Pearson
985 2308 994 2331 :
1029 2293 1452 2342 universitatemque
1469 2290 1705 2342 Heindorf.

242 2346 257 2369 ²
286 2350 377 2387 vim
393 2347 477 2386 det.
497 2363 506 2386 z
545 2345 699 2386 orbern
716 2362 727 2391 ς
764 2345 971 2385 umbram
992 2359 1076 2385 von
1095 2345 1520 2396 Ar‘nim,followin9
1535 2344 1622 2385 beet
1640 2355 1731 2384 uss.

298 2402 315 2426 ³
344 2401 443 2440 secl.
465 2400 670 2440 Bouhier.
1003 2400 1020 2424 ⁴
1050 2403 1100 2439 ut
1122 2398 1351 2444 <aethera>
1375 2399 1428 2439 ci.
1450 2398 1676 2450 Plasbery.

457 2454 473 2478 ⁵
503 2456 810 2504 unitatemque
829 2453 1053 2494 Pearson:
1085 2454 1523 2504 universitatemque.

357 2509 374 2533 ⁸
402 2507 684 2559 eundemque
702 2507 839 2559 Roby.
1241 2507 1257 2532 '¹
1287 2507 1392 2547 add.
1413 2505 1621 2547 Bouhier.

414 2562 431 2586 ⁸
460 2561 619 2602 dixerit
638 2563 698 2608 Α,
720 2562 759 2601 Β
778 2579 787 2601 :
819 2561 931 2601 dixit
949 2560 1107 2601 Nobbe.
1290 2560 1307 2584 ⁹
1336 2564 1442 2601 sunt
1460 2561 1565 2601 dett.

240 2635 303 2676 42
