1919 3006
921 173 1174 224 CICERO

303 302 458 363 igitur
504 307 557 349 et
604 317 777 366 equos,
823 303 917 351 ibis
965 308 1226 368 accipitres
1275 309 1473 371 aspidas
1519 311 1790 360 crocodilos

301 377 461 435 pisces
493 392 642 424 canes
672 377 815 440 lupos
847 377 988 426 faelis
1019 380 1204 429 multas
1235 390 1504 445 praeterea
1532 385 1706 435 beluas
1736 390 1788 434 in

301 445 511 494 deorum
557 465 824 496 numerum
869 468 1186 514 reponemus.
1257 454 1402 514 Quae
1440 460 1480 504 si
1517 460 1788 515 reicimus,¹

226 524 277 563 48
301 518 384 566 illa
422 537 623 586 quoque
660 524 795 572 unde
832 523 958 572 haec
994 534 1116 574 nata
1152 536 1270 575 sunt
1305 532 1584 578 reiciemus.
1653 531 1789 590 Quid

301 594 528 643 deinde?
596 598 689 646 Ino
720 600 817 647 dea
848 601 1062 650 ducetur
1105 611 1158 651 et
1188 603 1432 652 Λευκοθέα
1462 623 1492 653 a
1523 606 1727 654 Graecis
1759 623 1789 654 a

300 669 442 716 nobis
492 670 700 719 Matuta
745 674 942 722 dicetur
988 693 1101 723 cum
1147 680 1212 725 sit
1259 677 1434 725 Cadmi
1483 679 1599 736 filia,
1645 678 1788 727 Circe

301 747 475 788 autem
519 751 573 791 et
617 744 867 809 Pasiphae
913 755 966 795 et
1010 750 1197 797 Aeeta²
1242 767 1269 798 e
1315 750 1551 799 Perseide
1596 751 1787 800 Oceani

302 813 401 860 filia
438 820 542 863 nati
581 826 727 880 patre
765 819 879 868 Sole
916 825 968 868 in
1004 823 1214 870 deorum
1251 841 1461 872 numero
1496 842 1598 872 non
1633 823 1789 871 habe-

299 885 530 936 buntur?
596 908 905 956 quamquam
952 894 1130 943 Circen
1178 914 1378 960 quoque
1425 897 1586 945 coloni
1631 899 1790 945 nostri

301 958 609 1011 Circeienses
678 965 911 1031 religiose
971 968 1156 1016 colunt.
1261 971 1397 1035 Ergo
1455 969 1585 1018 hanc
1637 970 1787 1018 deam

300 1032 490 1082 duces-⁹⁴:
563 1038 684 1100 quid
734 1039 955 1088 Medeae
1003 1043 1348 1106 respondebis,
1391 1060 1522 1106 quae
1570 1043 1787 1090 duobus⁴

300 1111 403 1155 avis
440 1108 554 1157 Sole
592 1119 646 1159 et
682 1112 905 1171 Oceano,
936 1116 1103 1164 Aeeta
1132 1125 1278 1180 patre
1307 1124 1471 1164 matre
1503 1117 1649 1181 Idyia
1676 1132 1789 1180 pro-

298 1190 471 1230 creata
499 1185 620 1232 est?
666 1188 788 1250 quid
815 1187 961 1236 huius
990 1190 1213 1254 Absyrto
1241 1189 1384 1238 fratri
1413 1190 1519 1254 (qui
1548 1197 1627 1237 est
1655 1189 1790 1252 apud

299 1254 573 1305 Pacuvium
593 1260 884 1325 Aegi-aleus,
901 1264 991 1311 sed
1009 1264 1132 1312 illud
1150 1281 1336 1312 nomen
1355 1272 1587 1312 veterum
1605 1263 1788 1312 litteris

298 1333 596 1398 usitatius)?
657 1339 741 1399 qui
778 1340 819 1383 si
860 1338 910 1385 di
958 1355 1059 1385 non
1100 1346 1235 1395 sunt,
1277 1355 1453 1386 vereor
1500 1338 1623 1402 quid
1669 1344 1790 1402 agat

220 1411 274 1453 49
299 1404 390 1453 Ino
414 1422 426 1462 3
462 1406 587 1455 haec
607 1413 740 1456 enim
759 1415 927 1458 omnia
945 1429 1008 1459 ex
1027 1413 1208 1460 eodem
1225 1411 1368 1460 fonte
1385 1412 1657 1459 fluxerunt.
1707 1412 1790 1458 An

297 1480 634 1544 Amphiaraus
658 1488 754 1532 erit
775 1486 899 1534 deus
922 1494 976 1534 et
995 1486 1308 1550 Trophonius
1332 1487 1351 1534 ?
1392 1486 1563 1534 Nostri
1583 1486 1790 1549 quidem

297 1553 568 1614 publicani,
593 1573 708 1603 cum
734 1566 904 1606 essent
930 1563 1037 1623 agri
1061 1563 1113 1606 in
1136 1559 1349 1606 Boeotia
1373 1559 1583 1607 deorum
1607 1561 1791 1604 inmor-

297 1626 476 1675 talium
494 1635 696 1694 excepti
713 1631 828 1697 lege
847 1638 1088 1691 censoria,
1106 1634 1368 1698 negabant
1383 1631 1661 1680 inmortalis
1680 1647 1790 1679 esse

298 1700 422 1749 ullos
461 1707 546 1767 qui
584 1704 854 1769 aliquando
891 1706 1119 1755 homines
1157 1706 1387 1754 fuissent.
1456 1705 1557 1753 Sed
1593 1709 1631 1753 si
1669 1712 1790 1753 sunt

296 1773 347 1821 hi
365 1776 433 1832 di,
453 1784 532 1825 est
549 1787 688 1827 certe
706 1780 1041 1838 Erechtheus,
1060 1785 1198 1829 cuius
1217 1781 1433 1829 Athenis
1453 1787 1506 1828 et
1523 1780 1790 1828 delubrum

297 1850 510 1898 vidimus
531 1859 584 1900 et
603 1854 934 1902 sacerdotem.
1005 1854 1172 1914 Quem
1190 1859 1229 1903 si
1249 1855 1403 1903 deum
1421 1852 1649 1910 facimus,
1667 1853 1789 1917 quid

298 1931 387 1970 aut
418 1924 482 1971 de
514 1925 678 1974 Codro
710 1928 944 1975 dubitare
976 1945 1239 1991 possumus
1272 1935 1362 1975 aut
1392 1928 1456 1975 de
1488 1931 1670 1975 ceteris
1702 1930 1787 1990 qui

295 2007 583 2062 pugnantes
609 2018 699 2064 pro
724 2006 921 2066 patriae
945 2002 1186 2051 libertate
1211 2003 1503 2050 ceciderunt
1525 2001 1545 2048 ?
1588 2001 1725 2065 quod
1748 2003 1788 2048 si

297 2074 556 2134 probabile
598 2092 699 2122 non
741 2083 837 2133 est,
878 2093 942 2123 ne
983 2076 1067 2123 illa
1108 2077 1313 2140 quidem
1355 2078 1613 2138 superiora
1652 2074 1788 2121 unde

215 2152 272 2196 60
294 2144 420 2193 haee
458 2156 670 2196 manant
708 2150 967 2211 probanda
1009 2156 1141 2198 sunt.
1227 2149 1401 2213 Atque
1442 2151 1493 2195 in
1535 2146 1788 2211 plerisque

418 2264 439 2293 ⁸
466 2267 669 2308 reicimus
695 2267 854 2321 Mayor
872 2285 882 2310 ε
915 2270 1147 2310 reiciamus
1166 2279 1284 2317 uss„
1305 2269 1534 2309 reiciemus
1553 2268 1575 2308 Ρ
1593 2267 1660 2309 ed.

590 2322 606 2345 ²
638 2322 803 2363 Aeetae
825 2323 978 2363 Baiter
996 2340 1005 2364 :
1046 2336 1122 2364 eae
1143 2337 1167 2364 e
1188 2324 1248 2371 Α,
1270 2336 1348 2363 eae
1368 2322 1422 2363 Β.

527 2375 545 2400 ⁸
574 2374 707 2417 duces
728 2376 905 2418 Baiter:
936 2376 1075 2425 ducis,
1097 2376 1221 2425 dicis,
1242 2376 1360 2418 dices
1381 2387 1482 2417 MSS.

762 2431 779 2455 ⁴
808 2430 982 2472 duobus
1004 2431 1117 2476 <dis>
1137 2431 1275 2472 Alan.

781 2539 801 2560 ⁸
832 2535 896 2575 As
918 2534 1014 2576 well
1034 2548 1083 2576 as
1107 2535 1299 2577 Matuta.

302 2601 395 2644 332
