1853 3001
908 175 1162 224 CICERO

289 313 448 361 Silum
507 318 720 365 ceteros,
781 309 973 373 figebat
1031 307 1331 363 maledictis,
1391 307 1481 355 sed
1539 305 1782 354 Socraten

290 399 456 459 ipsum
501 399 768 456 parentem
814 388 1159 453 philosophiae
1207 388 1390 435 Latino
1435 389 1588 436 verbo
1633 395 1784 436 utens

292 492 513 524 scurram
551 475 782 520 Atticum
818 471 971 518 fuisse
1010 471 1229 526 dicebat,
1267 469 1604 534 Chrysippum
1639 486 1784 517 num-

215 567 270 610 94
293 575 446 622 quam
474 559 568 602 nisi
597 554 931 618 Chrysippam
958 553 1186 599 vocabat.
1247 551 1324 598 Tu
1349 555 1457 614 ipse
1484 551 1634 615 paulo
1663 558 1783 599 ante

295 656 410 687 cum
467 645 732 700 tamquam
791 641 1024 682 senatum
1073 632 1483 696 philosophorum
1527 637 1786 689 recitares,

295 736 515 769 summos
535 722 662 765 viros
683 718 913 779 desipere
933 715 1145 763 delirare
1166 716 1417 762 dementis
1438 731 1546 761 esse
1566 715 1784 762 dicebas,

296 803 523 862 Quorum
567 803 605 846 si
649 816 799 846 nemo
843 814 1017 844 verum
1060 797 1186 844 vidit
1228 797 1291 844 de
1335 803 1517 843 natura
1559 796 1787 852 deorum,

295 884 574 932 verendum
599 888 677 928 est
700 897 764 926 ne
789 879 925 926 nulla
949 882 1014 925 sit
1037 881 1254 925 omnino.

361 965 388 981 ‘⁴
409 965 540 1011 Nam
563 966 661 1009 ista
686 978 817 1025 quae
844 978 927 1007 vos
953 961 1116 1007 dicitis
1142 967 1259 1006 sunt
1283 966 1395 1006 tota
1418 962 1787 1016 commenticia,

296 1051 378 1095 vix
395 1047 549 1110 digna
563 1044 911 1091 lucubratione
930 1042 1253 1088 anicularum.
1305 1041 1419 1088 Non
1437 1044 1571 1087 enim
1587 1044 1786 1088 sentitis

297 1145 451 1193 quam
480 1126 641 1173 multa
672 1126 810 1172 vobis
842 1124 1159 1186 suscipienda
1189 1126 1289 1170 sint
1319 1126 1358 1169 si
1389 1125 1698 1186 inpetraritis
1728 1129 1788 1170 ut

296 1209 629 1257 concedamus
644 1207 859 1254 eandem
872 1205 1133 1252 hominum
1147 1221 1255 1251 esse
1269 1211 1322 1251 et
1335 1205 1544 1251 deorum
1557 1204 1785 1268 figuram.

298 1292 474 1339 Omnis
491 1288 654 1336 cultus
673 1295 725 1335 et
741 1290 933 1334 curatio
953 1289 1170 1349 corporis
1189 1289 1285 1332 erit
1302 1286 1483 1332 eadem
1499 1285 1788 1333 adhibenda

297 1374 393 1421 deo
430 1387 561 1435 quae
599 1369 870 1417 adhibetur
905 1367 1113 1423 homini,
1150 1371 1404 1431 ingressus
1435 1383 1607 1414 cursus
1643 1384 1787 1415 accu-

296 1455 422 1501 bitio
463 1451 720 1498 inclinatio
764 1453 917 1497 sessio
960 1448 1341 1511 conprehensio,
1385 1449 1450 1495 ad
1497 1455 1783 1496 extremum

219 1546 272 1586 95
297 1538 452 1582 etiam
483 1550 646 1580 sermo
678 1539 732 1579 et
761 1534 956 1586 orati03
1004 1547 1123 1576 nam
1153 1531 1289 1594 quod
1319 1537 1372 1577 et
1401 1533 1552 1577 maris
1582 1531 1703 1578 deos
1733 1537 1788 1579 et

299 1617 512 1664 feminas
533 1631 642 1662 esse
668 1614 850 1669 dicitis,
871 1613 994 1676 quid
1018 1619 1260 1675 sequatur
1284 1612 1480 1658 videtis.
1535 1611 1788 1676 Equidem

299 1701 468 1746 mirari
486 1700 607 1744 satis
626 1713 727 1742 non
745 1711 950 1758 possum
968 1694 1104 1741 unde
1123 1693 1189 1740 ad
1205 1696 1327 1740 istas
1346 1696 1605 1756 opiniones
1622 1701 1790 1740 vester

298 1780 382 1827 ille
428 1782 661 1842 princeps
709 1779 920 1823 venerit.
1003 1774 1104 1822 Sed
1151 1774 1367 1822 clamare
1415 1791 1516 1821 non
1563 1775 1790 1822 desinitis

299 1860 624 1909 retinendum
657 1857 751 1905 hoc
786 1873 912 1913 esse,
947 1857 1071 1904 deus
1105 1862 1164 1902 ut
1196 1856 1377 1902 beatus
1411 1855 1790 1920 inmortalisque

301 1947 381 1991 sit.
444 1941 579 1999 Quid
607 1947 779 1986 autem
808 1940 979 1985 obstat
1006 1954 1105 2001 quo
1132 1940 1296 1984 minus
1325 1940 1389 1984 sit
1416 1937 1597 1984 beatus
1624 1941 1663 1984 si
1691 1954 1791 1984 non

301 2028 367 2072 sit
414 2025 558 2086 bipes
581 2022 599 2068 ?
668 2028 757 2067 aut
805 2023 903 2066 ista
951 2022 1054 2065 sive
1104 2019 1324 2065 beatitas
1373 2021 1476 2065 sive
1525 2019 1791 2066 beatitudo

303 2105 518 2153 dicenda
571 2110 649 2149 est
703 2103 996 2165 (utrumque
1050 2103 1252 2146 omnino
1305 2100 1504 2156 durum,
1556 2100 1647 2147 sed
1699 2117 1792 2147 usu

303 2185 574 2233 mollienda
599 2184 740 2230 nobis
766 2183 919 2229 verba
944 2182 1324 2244 sunt)—-verum
1349 2197 1410 2227 ea
1441 2196 1792 2244 quaecumque

305 2275 383 2315 est
412 2284 498 2313 cur
527 2273 615 2312 aut
642 2268 693 2311 in
723 2264 879 2311 solem
907 2263 1046 2309 illum
1076 2269 1165 2309 aut
1192 2265 1243 2308 in
1270 2261 1403 2309 hunc
1430 2262 1675 2308 mundum
1704 2268 1793 2309 aut

304 2353 356 2395 in
402 2348 620 2410 aliquam
666 2352 894 2392 mentem
941 2351 1202 2390 aeternam
1249 2343 1410 2407 figura
1453 2344 1793 2406 membrisque

228 2438 282 2479 96
305 2433 522 2492 corporis
545 2444 754 2474 vacuam
775 2427 955 2473 cadere
977 2442 1077 2471 non
1096 2432 1269 2487 potest
1290 2425 1309 2471 ?
1363 2423 1499 2470 Nihil
1519 2423 1654 2471 aliud
1673 2425 1794 2471 dicis

305 2515 432 2558 nisi:
476 2510 486 2527 ‘
511 2509 802 2573 Numquam
830 2507 931 2554 vidi
960 2506 1118 2554 solem
1148 2513 1238 2553 aut
1267 2506 1514 2553 mundum
1548 2502 1794 2554 beatum?

309 2593 374 2644 92
