1919 3006
932 204 1184 254 CICERO

310 336 552 396 sapientis
618 350 802 389 errore,
866 332 1094 390 levitate,
1158 337 1454 382 temeritate
1518 334 1802 383 diiunctius.

311 412 447 470 Quid
489 415 644 476 igitur
689 411 865 475 loquar
909 412 973 458 de
1019 412 1260 458 firmitate
1305 413 1589 475 sapientis?
1652 428 1803 475 quem

309 489 517 553 quidem
555 488 678 535 nihil
713 491 904 552 opinari
941 496 1000 536 tu
1036 506 1256 552 quoque,
1294 489 1520 544 Luculle,
1556 490 1803 537 concedis·

310 566 461 625 Quod
490 570 728 630 quoniam
758 583 788 612 a
815 573 869 613 te
897 567 1141 629 probatur
1170 567 1249 630 (ut
1277 574 1605 630 praepostere
1634 574 1806 614 tecum

311 661 461 708 agam
484 660 496 700 3
542 661 660 690 mox
687 642 907 690 referam
935 660 1017 690 me
1048 645 1112 691 ad
1141 644 1407 707 ordinem),
1435 643 1561 691 haec
1588 648 1807 707 primum

233 728 284 767 67
311 721 559 768 conclusio
584 738 737 784 quam
758 721 949 768 habeat
971 725 1071 767 vim
1094 723 1356 768 considera
1379 739 1389 768 :
1429 722 1570 769 XXI.
1614 721 1625 738 ‘
1649 721 1699 768 Si
1722 721 1808 768 ulli

310 802 383 846 rei
427 803 626 862 sapiens
672 799 988 846 adsentietur
1033 816 1292 862 umquam,
1338 799 1607 862 aliquando
1652 803 1808 846 etiam

311 878 600 940 opinabitur
623 892 635 932 3
713 893 991 939 numquam
1052 884 1225 923 autem
1285 878 1609 939 opinabitur3
1687 875 1806 923 nulli

309 958 464 1018 igitur
484 957 557 1001 rei
580 953 930 1001 adsentietur.’
999 954 1145 1000 Hanc
1167 953 1537 1001 conclusionem
1559 953 1809 1001 Arcesilas

310 1033 577 1095 probabat,
604 1032 936 1078 confirmabat
964 1034 1098 1078 enim
1126 1038 1180 1078 et
1205 1035 1424 1094 primum
1451 1039 1505 1079 et
1531 1032 1809 1079 secundum

311 1110 620 1173 (Carneades
645 1126 746 1156 non
770 1126 1048 1172 numquam
1074 1110 1351 1156 secundum
1375 1109 1499 1157 illud
1523 1110 1697 1165 dabat,
1723 1109 1809 1156 ad-

310 1191 485 1234 sentiri
505 1187 774 1251 aliquando
799 1204 810 1233 :
846 1190 920 1234 ita
939 1188 1249 1250 sequebatur
1269 1190 1425 1234 etiam
1444 1190 1654 1250 opinari,
1674 1187 1809 1250 quod

311 1273 368 1313 tu
411 1282 512 1312 non
555 1268 645 1321 vis,
690 1272 744 1312 et
786 1272 944 1321 reete,
988 1272 1046 1312 ut
1089 1264 1210 1311 mihi
1254 1265 1473 1328 videris).
1544 1264 1645 1312 Sed
1686 1264 1810 1312 illud

309 1347 545 1407 primum,
574 1346 859 1406 sapientem
887 1345 927 1389 si
957 1343 1258 1389 adsensurus
1288 1350 1424 1390 esset
1453 1346 1609 1390 etiam
1638 1346 1809 1405 opina-

309 1427 498 1477 turum,
521 1419 703 1467 falsum
727 1437 837 1468 esse
861 1427 915 1467 et
937 1419 1090 1467 Stoici
1113 1421 1288 1467 dicunt
1312 1428 1366 1467 et
1389 1437 1563 1467 eorum
1586 1421 1810 1482 adstipu-

309 1498 439 1546 lator
457 1497 738 1545 Antiochus
762 1514 774 1554 ;
810 1515 956 1561 posse
977 1501 1112 1545 enim
1132 1515 1249 1544 eum
1266 1497 1393 1544 falsa
1411 1515 1440 1544 a
1458 1501 1586 1545 veris
1606 1505 1659 1544 et
1678 1513 1809 1561 quae

310 1593 411 1623 non
444 1579 637 1639 possint
670 1579 860 1639 percipi
895 1577 958 1623 ab
991 1579 1050 1623 iis
1085 1592 1216 1639 quae
1249 1579 1444 1639 possint
1478 1576 1807 1639 distinguere.

231 1662 285 1700 68
311 1654 466 1701 Nobis
504 1661 677 1700 autem
712 1657 948 1716 primum,
985 1657 1141 1700 etiam
1177 1656 1217 1700 si
1253 1654 1374 1716 quid
1409 1656 1598 1716 percipi
1635 1655 1810 1716 possit,

310 1739 484 1779 tamen
522 1735 632 1795 ipsa
669 1731 982 1778 consuetudo
1023 1731 1342 1778 adsentiendi
1380 1730 1660 1794 periculosa
1699 1746 1809 1777 esse

310 1810 510 1857 videtur
540 1817 593 1855 et
625 1809 831 1864 lubrica,
864 1826 1017 1871 quam
1049 1810 1113 1855 ob
1145 1825 1270 1864 rem,
1295 1826 1410 1855 cum
1441 1816 1549 1855 tam
1575 1811 1808 1855 vitiosum

311 1903 420 1934 esse
456 1894 656 1933 constet
692 1887 933 1933 adsentiri
968 1889 1238 1949 quicquam
1274 1893 1363 1933 aut
1396 1885 1579 1932 falsum
1614 1892 1704 1932 aut
1735 1888 1809 1931 in-

310 1967 588 2028 cognitum,
622 1964 919 2011 sustinenda
953 1971 1031 2011 est
1063 1967 1231 2027 potius
1266 1966 1426 2011 omnis
1461 1964 1710 2018 adsensio,
1744 1978 1809 2010 ne

310 2045 614 2105 praecipitet
644 2045 684 2089 si
714 2048 910 2088 temere
941 2045 1277 2104 processerit3
1325 2044 1400 2088 ita
1429 2044 1565 2087 enim
1596 2041 1809 2087 finitima

310 2127 428 2167 sunt
460 2118 587 2166 falsa
618 2122 746 2166 veris
780 2135 943 2182 eaque
977 2135 1107 2182 quae
1139 2121 1329 2182 percipi
1362 2135 1462 2166 non
1493 2125 1705 2182 possunt
1738 2120 1808 2164 eis

310 2213 441 2260 quae
466 2203 696 2259 possuntl
722 2197 783 2260 (si
808 2197 958 2244 modo
984 2213 1045 2243 ea
1073 2203 1192 2243 sunt
1217 2197 1469 2259 quaedam
1493 2212 1504 2242 z
1546 2199 1647 2242 iam
1673 2198 1807 2241 enim

310 2275 610 2337 videbimus)
641 2281 698 2321 ut
725 2281 832 2320 tam
859 2277 912 2320 in
937 2277 1270 2337 praecipitem
1296 2273 1461 2320 locum
1488 2290 1589 2320 non
1616 2273 1806 2320 debeat

309 2368 363 2399 se
387 2354 586 2414 sapiens
611 2355 945 2398 committere.
1015 2351 1101 2398 Sin
1126 2359 1299 2398 autem
1323 2354 1525 2398 omnino
1548 2349 1670 2396 nihil
1694 2365 1803 2396 esse

310 2429 446 2492 quod
475 2432 664 2492 percipi
694 2432 852 2492 possit
884 2445 913 2475 a
942 2445 1024 2475 me
1055 2445 1315 2491 sumpsero
1346 2436 1400 2476 et
1430 2428 1567 2492 quod
1594 2434 1654 2476 tu
1682 2425 1801 2474 mihi

659 2557 674 2582 ¹
705 2559 766 2598 eis
787 2571 902 2609 quae
924 2561 1109 2610 possunt
1129 2558 1316 2598 inseruit
1337 2557 1466 2599 Reid.

318 2627 410 2669 552
