1853 3001
874 173 1126 222 CICERO

257 322 460 354 necesse
481 312 559 352 est
581 320 593 362 ;
631 321 740 352 esse
757 308 914 368 igitur
931 305 1052 352 deos
1071 304 1415 352 confitendum
1433 310 1527 351 est.
1595 302 1743 362 Quod

256 390 493 452 quoniam
531 385 638 433 fere
678 393 878 433 constat
915 389 1049 432 inter
1087 389 1247 432 omnis
1286 402 1386 433 non
1423 382 1744 448 philosophos

255 469 415 516 solum
455 468 545 514 sed
584 470 740 514 etiam
777 467 1024 524 indoctos,
1062 465 1316 513 fateamur
1353 472 1583 514 constare
1621 464 1744 512 illud

258 553 430 605 etiam,
460 548 589 595 hanc
619 565 708 595 nos
737 547 927 595 habere
957 551 1061 595 sive
1092 551 1506 611 anticipationem
1535 553 1595 594 ut
1623 553 1744 594 ante

255 632 359 679 dixi
401 634 505 678 sive
548 633 933 692 praenotionem
977 629 1187 676 deorum
1231 630 1371 691 (sunt
1415 631 1551 676 enim
1592 628 1743 675 rebus

256 715 394 759 novis
411 728 542 758 nova
555 711 793 774 ponenda
802 714 1023 767 nomina,
1039 718 1098 757 ut
1113 711 1358 774 Epicurus
1374 713 1482 774 ipse
1497 709 1745 772 πρόληψιν

257 793 547 857 appellavit,
573 809 727 856 quam
754 799 907 839 antea
932 808 1082 838 nemo
1110 809 1170 839 eo
1196 792 1350 839 verbo
1376 790 1746 854 nominarat)—

177 884 231 921 45
255 874 384 921 hanc
418 877 573 938 igitur
606 872 870 930 habemus,
905 880 964 920 ut
998 873 1119 920 deos
1153 873 1331 921 beatos
1367 880 1421 920 et
1453 871 1744 920 inmortales

254 963 508 1019 putemus.
577 954 722 1013 Quae
763 957 897 1001 enim
935 955 1077 1001 nobis
1117 961 1300 1001 natura
1335 953 1745 1002 informationem

254 1041 475 1101 ipsorum
501 1036 711 1083 deorum
737 1036 897 1092 dedit,
924 1037 1105 1083 eadem
1128 1035 1390 1099 insculpsit
1412 1039 1465 1082 in
1489 1035 1746 1082 mentibus

256 1126 315 1166 ut
347 1134 432 1165 eos
466 1124 699 1164 aeternos
734 1124 788 1164 et
819 1117 997 1164 beatos
1031 1115 1349 1164 haberemus.
1417 1116 1568 1176 Quod
1599 1120 1640 1164 si
1671 1119 1746 1163 ita

256 1207 351 1256 est,
375 1215 493 1246 vere
519 1202 749 1262 exposita
771 1197 856 1244 illa
879 1201 1136 1245 sententia
1159 1205 1239 1246 est
1263 1199 1327 1246 ab
1351 1199 1586 1262 Epicuro,
1610 1198 1746 1262 quod

253 1283 463 1329 beatum
486 1288 854 1343 aeternumque
877 1283 942 1327 sit
962 1280 1015 1327 id
1037 1296 1131 1327 nec
1153 1278 1342 1327 habere
1364 1283 1530 1343 ipsum
1553 1281 1746 1344 negotii

254 1366 523 1427 quicquam
543 1378 636 1408 nec
657 1360 897 1408 exhibere
919 1361 1085 1418 alteri,
1103 1364 1279 1425 itaque
1299 1378 1466 1425 neque
1486 1364 1560 1408 ira
1579 1376 1746 1424 neque

252 1448 418 1510 gratia
443 1446 607 1491 teneri
633 1443 770 1507 quod
795 1459 927 1506 quae
953 1442 1076 1490 talia
1102 1450 1273 1490 essent
1297 1442 1550 1490 imbecilla
1575 1449 1746 1490 essent

254 1530 437 1574 omnia.

315 1606 344 1624 “
368 1606 419 1653 Si
468 1605 591 1652 nihil
641 1604 777 1653 aliud
827 1621 1185 1669 quaereremus
1236 1607 1330 1653 nisi
1380 1612 1440 1653 ut
1489 1605 1611 1653 deos
1659 1608 1744 1668 pie

250 1688 528 1736 coleremus
556 1693 612 1734 et
637 1693 696 1733 ut
722 1689 1081 1749 superstitione
1109 1686 1456 1743 liberaremur,
1483 1689 1605 1734 satis
1633 1692 1745 1734 erat

252 1771 444 1818 dictum
466 1784 479 1825 ;
523 1785 642 1815 nam
669 1775 722 1815 et
747 1775 1011 1831 praestans
1038 1768 1248 1815 deorum
1275 1775 1458 1816 natura
1482 1766 1743 1815 hominum

252 1855 447 1914 pietate
471 1849 737 1905 coleretur,
761 1865 876 1895 cum
901 1856 955 1896 et
979 1856 1189 1896 aeterna
1213 1856 1350 1896 esset
1373 1856 1428 1897 et
1449 1849 1744 1896 beatissima

253 1931 431 1996 (habet
458 1935 593 1978 enim
620 1933 999 1977 venerationem
1023 1933 1209 1977 iustam
1237 1930 1475 1995 quicquid
1501 1929 1742 1994 excellit),

255 2020 308 2060 et
338 2020 506 2059 metus
540 2015 699 2058 omnis
732 2027 762 2057 a
792 2014 840 2058 vi
872 2018 1028 2074 atque
1059 2014 1133 2057 ira
1165 2012 1374 2059 deorum
1405 2010 1576 2074 pulsus
1609 2017 1744 2059 esset

254 2093 587 2157 (intellegitur
630 2096 764 2139 enim
806 2108 837 2138 a
875 2092 1028 2139 beata
1070 2092 1424 2156 inmortalique
1465 2098 1647 2139 natura
1687 2098 1741 2139 et

254 2180 379 2222 iram
413 2182 466 2221 et
501 2177 719 2238 gratiam
755 2177 1029 2237 segregari,
1060 2175 1241 2237 quibus
1275 2177 1482 2221 remotis
1518 2171 1678 2220 nullos
1712 2189 1743 2220 a

254 2259 446 2319 superis
474 2256 770 2318 impendere
797 2255 1002 2318 metus).
1070 2253 1171 2302 Sed
1199 2255 1265 2303 ad
1290 2253 1420 2303 hanc
1447 2254 1742 2302 confirman-

316 2417 336 2438 ⁸
365 2413 497 2466 Diog.
522 2412 572 2453 L.
593 2426 634 2453 x.
662 2415 739 2452 139
767 2414 812 2451 τὸ
837 2414 1028 2463 μακάριον
1053 2414 1119 2452 καὶ
1144 2415 1350 2463 ἄφθαρτον
1375 2415 1465 2451 οὔτε
1489 2412 1585 2450 αὐτὸ
1612 2411 1741 2462 πράγ·

259 2483 366 2516 ματα
396 2471 482 2517 ἔχει
511 2470 600 2506 οὔτε
623 2469 736 2516 ἄλλῳ
760 2468 944 2517 παρέχει,
972 2469 1077 2506 ὥστε
1099 2470 1190 2506 οὔτε
1215 2467 1349 2517 ὀργαῖς
1374 2468 1464 2505 οὔτε
1487 2467 1626 2517 χάρισι
1649 2479 1738 2504 συν·

265 2524 420 2571 έχεται·
439 2524 480 2560 ἐν
502 2523 664 2560 ἀσθενεῖ
679 2523 759 2571 ’γὰρ
778 2523 858 2560 πᾶν
877 2522 924 2560 τὸ
940 2523 1134 2562 τοιοῦτον.

261 2591 325 2633 40
