1919 3006
225 491 279 530 86

920 199 1171 248 CICERO

302 329 438 376 nulla
469 337 546 376 est
577 333 614 376 si
641 332 691 376 in
730 345 791 376 ea
820 330 1087 377 discrimen
1123 330 1316 377 nullum
1353 337 1431 378 est
1465 331 1713 378 bonorum
1739 337 1793 379 et

305 407 565 454 malorum.

367 484 396 501 “
421 484 431 501 ‘
457 486 527 532 At
549 487 682 531 enim
702 488 896 532 minora
914 486 966 532 di
985 485 1284 550 neglegunt,
1302 503 1470 550 neque
1490 486 1678 551 agellos
1697 489 1797 534 sin-

303 561 535 626 gulorum
559 579 653 609 nec
677 562 904 609 viticulas
928 571 1320 626 persequuntur,
1343 580 1437 610 nec
1461 567 1502 611 si
1525 564 1681 611 uredo
1707 570 1797 611 aut

304 640 498 702 grando
536 643 794 703 quippiam
831 644 1020 695 nocuit,
1056 641 1108 688 id
1146 641 1252 688 Iovi
1289 641 1797 689 animadvertendum

306 716 439 772 fuit3
505 734 569 764 ne
616 721 669 763 in
714 721 882 782 regnis
931 719 1137 782 quidem
1183 735 1330 783 reges
1378 722 1546 766 omnia
1591 722 1800 766 minima

307 802 486 842 curant
511 793 521 810 ’
547 812 557 842 :
601 799 669 841 sic
697 799 831 841 enim
858 796 1036 843 dicitis.
1107 796 1263 855 Quasi
1291 813 1385 860 ego
1411 796 1561 859 paulo
1587 804 1708 844 ante
1734 796 1798 843 de

308 871 465 920 fundo
517 873 783 920 Formiano
833 872 888 920 P.
940 873 1115 920 Rutilii
1165 877 1258 921 sim
1309 882 1536 937 questus,
1585 891 1687 921 non
1735 874 1800 921 de

309 954 491 997 amissa
526 950 704 998 salute.
773 951 1010 998 XXXVI.
1048 952 1222 1015 Atque
1256 951 1351 998 hoc
1386 952 1592 1015 quidem
1627 967 1801 998 omnes

308 1027 546 1075 mortales
579 1031 649 1075 sic
679 1027 891 1085 habent,
925 1036 1162 1077 externas
1194 1030 1600 1086 commoditates,
1632 1032 1804 1076 vineta

309 1113 512 1169 segetes
538 1105 741 1162 oliveta,
768 1107 1060 1154 ubertatem
1084 1106 1289 1172 frugum
1320 1114 1374 1155 et
1398 1106 1673 1163 fructuum,
1699 1123 1805 1154 om-

310 1200 429 1230 nem
454 1183 674 1247 denique
700 1185 1117 1232 commoditatem
1142 1189 1637 1248 prosperitatemque
1668 1187 1803 1231 vitae

312 1278 342 1308 a
382 1261 456 1308 dis
498 1278 552 1308 se
592 1261 817 1319 habere3
873 1265 1115 1309 virtutem
1156 1271 1331 1310 autem
1370 1279 1521 1310 nemo
1561 1278 1804 1326 umquam

235 1346 288 1385 87
314 1346 577 1401 acceptam
627 1340 723 1386 deo
773 1339 988 1387 rettulit.
1059 1340 1308 1388 Nimirum
1356 1347 1533 1397 recte3
1598 1347 1807 1403 propter

315 1420 557 1464 virtutem
603 1420 737 1464 enim
782 1421 889 1465 iure
933 1417 1199 1465 laudamur
1243 1425 1297 1466 et
1338 1421 1391 1465 in
1434 1421 1623 1465 virtute
1666 1425 1807 1464 recte

314 1494 603 1558 gloriamur,
624 1496 760 1558 quod
789 1512 890 1543 non
926 1500 1265 1560 contingeret,
1289 1499 1329 1543 si
1364 1496 1416 1543 id
1445 1496 1635 1544 donum
1658 1512 1689 1542 a
1711 1495 1808 1543 deo

315 1590 415 1619 non
437 1589 467 1619 a
487 1573 629 1620 nobis
651 1572 969 1621 haberemus.
1039 1575 1111 1621 At
1132 1591 1250 1621 vero
1272 1581 1361 1621 aut
1380 1573 1652 1621 honoribus
1674 1575 1809 1620 aucti

317 1658 406 1697 aut
436 1667 490 1697 re
527 1649 759 1697 familiari
797 1658 886 1698 aut
921 1655 959 1698 si
1001 1651 1136 1699 aliud
1173 1655 1433 1715 quippiam
1463 1654 1601 1698 nacti
1637 1667 1809 1698 sumus

317 1727 513 1775 fortuiti
536 1729 655 1775 boni
680 1736 769 1775 aut
793 1729 1076 1791 depulimus
1100 1729 1236 1785 mali,
1260 1737 1371 1776 tum
1394 1729 1469 1777 dis
1492 1731 1681 1793 gratias
1706 1730 1809 1792 agi-

315 1823 445 1862 mus,
469 1813 581 1853 tum
605 1805 728 1852 nihil
751 1814 954 1853 nostrae
979 1807 1112 1854 laudi
1141 1807 1467 1870 adsumptum
1491 1807 1810 1854 arbitramur.

318 1883 453 1931 Num
483 1887 594 1947 quis
623 1885 759 1947 quod
788 1885 948 1931 bonus
978 1888 1051 1931 vir
1081 1892 1216 1932 esset
1244 1888 1432 1949 gratias
1462 1885 1538 1932 dis
1568 1887 1675 1949 egit
1703 1900 1812 1931 um-

318 1978 471 2025 quam
495 1962 514 2008 ?
559 1969 612 2009 at
640 1963 775 2025 quod
801 1963 958 2018 dives,
985 1963 1121 2026 quod
1145 1962 1438 2019 honoratus,
1465 1962 1601 2026 quod
1626 1961 1812 2009 incolu-

318 2043 428 2086 mis.
502 2039 779 2103 Iovemque
809 2048 1076 2102 optumum
1107 2047 1160 2088 et
1189 2057 1486 2087 maxumum
1515 2040 1580 2087 ob
1611 2055 1695 2087 eas
1731 2054 1812 2087 res

320 2116 598 2179 appellant,
623 2134 724 2164 non
749 2118 884 2180 quod
907 2135 996 2165 nos
1027 2121 1184 2165 iustos
1208 2124 1522 2180 temperatos
1555 2120 1812 2180 sapientes

320 2195 520 2250 efficiat,
543 2195 633 2242 sed
657 2196 791 2258 quod
816 2195 975 2242 salvos
998 2195 1258 2242 incolumis
1282 2194 1547 2258 opulentos
1571 2197 1810 2258 copiosos.

245 2280 297 2318 88
324 2273 503 2335 Neque
531 2272 736 2319 Herculi
763 2277 1029 2336 quisquam
1054 2274 1321 2320 decumam
1346 2276 1482 2320 vovit
1506 2288 1748 2336 umquam
1772 2275 1813 2318 si

323 2354 521 2412 sapiens
547 2349 711 2398 factus
731 2358 866 2398 esset
882 2380 944 2386 —
963 2367 1272 2414 quamquam
1296 2349 1612 2415 Pythagoras
1631 2366 1745 2397 cum
1761 2353 1813 2395 in

382 2464 402 2483 ⁸
432 2462 541 2506 580.

386 2513 401 2537 ¹²
433 2515 472 2553 A
493 2514 615 2553 tenth
639 2518 738 2565 part
758 2515 808 2554 of
831 2514 965 2565 spoils
990 2514 1040 2554 of
1063 2527 1154 2553 war
1177 2513 1266 2553 and
1295 2514 1346 2554 of
1369 2517 1706 2554 treasure—trove
1725 2525 1814 2553 was

318 2566 508 2608 devoted
528 2571 573 2608 to
594 2567 806 2609 Hercules
827 2581 875 2608 as
894 2568 983 2620 god
1005 2569 1056 2608 of
1071 2572 1300 2609 treasures.

333 2636 428 2681 372
