1919 3006
947 189 1199 238 CICERO

322 327 376 367 et
396 319 520 368 illud
540 322 742 367 intersit
764 319 784 367 ?
808 318 820 336 ’
874 319 990 366 Huc
1012 322 1053 367 si
1073 322 1364 383 perveneris
1385 335 1468 366 me
1490 320 1583 367 tibi
1605 322 1821 384 primum

320 416 544 480 quidque
580 415 912 471 concedente,
945 431 1119 462 meum
1153 418 1332 462 vitium
1365 413 1556 471 fuerit3
1607 418 1684 462 sin
1715 418 1823 477 ipse

242 521 296 561 50
320 519 411 558 tua
434 518 615 574 sponte
640 513 960 574 processeris,
980 517 1143 559 tuum.
1195 510 1319 570 Quis
1347 513 1482 558 enim
1506 511 1599 558 tibi
1624 510 1824 558 dederit

320 614 410 654 aut
430 609 598 654 omnia
617 607 771 654 deum
790 623 937 670 posse
959 613 1049 653 aut
1067 609 1141 653 ita
1159 605 1414 653 facturum
1435 621 1545 653 esse
1564 608 1606 653 si
1623 607 1784 669 possit
1806 605 1824 652 ?

321 719 420 766 quo
457 702 608 749 modo
647 709 821 748 autem
859 704 1012 749 sumis
1049 708 1125 757 ut,
1162 704 1202 749 si
1239 701 1362 764 quid
1397 704 1478 748 cui
1515 700 1676 748 simile
1715 716 1825 748 esse

319 801 495 861 possit,
518 804 762 860 sequatur
783 804 842 844 ut
865 800 1021 844 etiam
1043 797 1309 844 difficiliter
1329 799 1602 844 internosci
1622 799 1782 859 possit
1804 795 1824 842 ?

321 893 524 949 deinde,
574 899 634 940 ut
683 908 749 939 ne
798 895 1071 940 internosci
1122 893 1330 955 quidem
1353 893 1372 939 ?
1440 899 1716 955 postremo,
1765 897 1826 938 ut

321 989 503 1036 eadem
526 991 627 1035 sint
649 988 668 1035 ?
710 995 786 1044 ut,
810 991 850 1035 si
871 987 976 1051 lupi
1000 989 1207 1035 canibus
1231 987 1434 1044 similes,
1460 987 1665 1035 eosdem
1688 987 1825 1034 dices

321 1085 388 1132 ad
438 1092 740 1131 extremum.
824 1084 895 1131 Et
944 1084 1152 1147 quidem
1200 1082 1428 1130 honestis
1479 1082 1660 1130 similia
1707 1088 1826 1130 sunt

323 1181 577 1244 quaedam
598 1196 699 1226 non
718 1178 936 1227 honesta
957 1186 1011 1226 et
1029 1180 1175 1226 bonis
1196 1196 1297 1226 non
1316 1180 1452 1226 bona
1473 1185 1527 1226 et
1548 1178 1826 1225 artificiosis

321 1278 530 1323 minime
559 1275 828 1322 artificiosa
850 1290 862 1331 ;
908 1275 1031 1339 quid
1057 1275 1350 1322 dubitamus
1377 1277 1533 1339 igitur
1560 1274 1826 1322 adfirmare

325 1369 447 1417 nihil
475 1374 609 1418 inter
637 1369 763 1417 haec
792 1374 1039 1417 interesse
1063 1371 1081 1416 ?
1144 1370 1222 1417 Ne
1250 1372 1593 1434 repugnantia
1621 1369 1827 1433 quidem

325 1467 553 1513 videmus
577 1466 595 1512 ?
638 1465 761 1512 nihil
785 1473 863 1513 est
887 1469 1021 1512 enim
1046 1466 1182 1529 quod
1205 1466 1269 1513 de
1293 1483 1382 1512 suo
1405 1481 1594 1530 genere
1616 1468 1669 1511 in
1693 1464 1828 1512 aliud

323 1579 484 1626 genus
511 1560 772 1608 transferri
796 1565 968 1624 possit.
1019 1562 1092 1609 At
1116 1565 1155 1608 si
1181 1562 1465 1608 efficeretur
1489 1568 1548 1608 ut
1570 1564 1705 1607 inter
1723 1563 1829 1607 visa

325 1656 668 1705 differentium
707 1673 953 1722 generum
995 1656 1118 1703 nihil
1158 1660 1449 1712 interesset,
1484 1660 1828 1720 reperirentur

325 1768 458 1817 quae
483 1760 538 1800 et
560 1756 613 1799 in
637 1769 726 1800 suo
751 1769 940 1817 genere
967 1760 1138 1800 essent
1163 1760 1217 1800 et
1239 1755 1293 1799 in
1317 1752 1480 1799 alieno
1504 1768 1516 1808 3
1559 1752 1696 1815 quod
1720 1751 1827 1798 fieri

252 1859 303 1898 51
327 1851 413 1912 qui
445 1848 660 1911 potest?
727 1847 969 1895 Omnium
1002 1849 1186 1896 deinde
1218 1851 1445 1894 inanium
1477 1850 1694 1895 visorum
1726 1863 1829 1894 una

327 1943 554 2006 depulsio
587 1950 683 2000 est,
715 1947 818 1991 sive
850 1943 935 1990 illa
964 1946 1275 2008 cogitatione
1305 1942 1660 1999 informantur,
1692 1943 1828 2006 quod

328 2038 437 2086 fieri
461 2038 620 2086 solere
646 2040 985 2095 concedimus,
1011 2042 1114 2086 sive
1138 2042 1191 2086 in
1215 2042 1389 2103 quiete
1414 2041 1518 2085 sive
1542 2054 1633 2102 per
1657 2041 1829 2085 vinum

328 2137 432 2182 sive
464 2151 555 2198 per
586 2138 869 2182 insaniam:
920 2152 1038 2181 nam
1071 2136 1134 2182 ab
1168 2135 1399 2182 omnibus
1433 2134 1660 2181 eiusdem
1691 2134 1827 2181 modi

330 2233 445 2277 visis
466 2233 900 2293 perspicuitatem,
922 2247 1075 2293 quam
1095 2231 1345 2277 mordicus
1365 2237 1544 2277 tenere
1565 2229 1827 2284 debemus,

331 2326 508 2375 abesse
541 2327 779 2373 dicemus.
848 2326 972 2384 Quis
1006 2329 1158 2382 enirn,
1190 2342 1305 2372 cum
1336 2326 1429 2372 sibi
1461 2325 1608 2389 fingit
1640 2323 1827 2387 aliquid

331 2428 385 2467 et
421 2425 730 2485 cogitatione
767 2422 1016 2485 depingit,
1052 2437 1153 2467 non
1189 2420 1336 2468 simul
1371 2437 1429 2468 ac
1464 2436 1518 2467 se
1552 2423 1660 2483 ipse
1696 2436 1827 2467 com-

330 2519 489 2563 movit
515 2523 669 2579 atque
697 2517 762 2564 ad
785 2533 839 2564 se
865 2519 1119 2563 revocavit
1143 2519 1302 2563 sentit
1327 2516 1448 2578 quid
1471 2517 1674 2562 intersit
1696 2517 1828 2562 inter

335 2606 430 2649 530
