1919 3006
1005 195 1257 246 CICERO

382 341 491 371 sum
533 332 832 389 perceptum
871 329 1149 390 cognitum,
1188 333 1247 374 ut
1283 325 1378 373 hoc
1415 329 1580 389 ipsum
1618 325 1880 374 decretum

383 411 627 472 quidem,¹
653 411 936 458 decretum2
959 414 1201 474 sapientis
1224 428 1334 459 esse
1356 410 1478 457 nihil
1498 427 1645 474 posse
1673 413 1881 474 percipi,

384 494 635 542 fateretur
683 512 792 542 esse
840 503 1156 559 perceptum.
1227 495 1443 543 Proinde
1492 498 1634 559 quasi
1682 498 1882 558 sapiens

383 580 576 627 nullum
603 580 739 628 aliud
764 581 1028 628 decretum
1053 580 1244 629 habeat
1271 589 1324 629 et
1349 585 1456 628 sine
1482 582 1699 629 decretis
1725 584 1882 628 vitam

284 674 362 713 110
389 681 540 729 agere
568 667 755 729 possit!
825 665 926 713 Sed
955 673 1013 713 ut
1039 666 1124 713 illa
1149 665 1309 714 habet
1335 666 1616 730 probabilia
1642 682 1743 713 non
1769 682 1882 729 per·

383 758 550 813 cepta,
581 754 649 798 sic
678 751 772 798 hoc
801 754 984 814 ipsum,
1014 751 1136 798 nihil
1164 768 1312 815 posse
1341 755 1566 816 percipi3
1613 768 1732 798 nam
1762 754 1801 798 si
1830 754 1882 797 in

382 835 476 882 hoc
514 835 730 884 haberet
769 840 1068 901 cognitionis
1108 845 1301 894 notam,
1341 838 1522 885 eadem
1560 844 1793 885 uteretur
1829 839 1882 884 in

381 924 599 978 ceteris;
661 938 813 985 quam
859 925 1098 986 quoniam
1139 939 1240 970 non
1280 921 1457 979 habet,
1497 925 1659 970 utitur
1702 922 1880 985 proba-

379 1005 578 1052 bilibus.
650 1006 833 1070 Itaque
875 1023 976 1053 non
1018 1009 1204 1054 metuit
1250 1023 1316 1054 ne
1357 1005 1667 1055 confundere
1713 1009 1882 1054 omnia

381 1090 613 1137 videatur
653 1098 707 1138 et
744 1094 940 1138 incerta
977 1092 1208 1139 reddere.
1279 1091 1393 1138 Non
1433 1095 1584 1148 enim,
1624 1107 1778 1155 quem
1817 1091 1881 1138 ad

379 1176 588 1222 modum
611 1179 650 1223 si
675 1180 963 1239 quaesitum
987 1193 1050 1223 ex
1076 1193 1135 1223 eo
1159 1179 1224 1224 sit
1247 1176 1508 1224 stellarum
1530 1193 1768 1224 numerus
1790 1192 1882 1240 par

381 1276 445 1306 an
465 1263 627 1323 impar
647 1263 729 1317 sit,
749 1264 876 1308 item
897 1264 937 1308 si
958 1261 1022 1309 de
1042 1262 1201 1309 officio
1221 1261 1496 1326 multisque
1519 1261 1625 1308 aliis
1646 1261 1711 1309 de
1730 1262 1881 1308 rebus

380 1348 432 1391 in
450 1346 630 1409 quibus
649 1353 877 1394 versatus
897 1350 1309 1410 exercitatusque
1328 1350 1410 1403 sit,
1428 1350 1620 1395 nescire
1638 1363 1692 1394 se
1710 1347 1846 1394 dicat
1867 1361 1880 1403 ;

379 1433 433 1478 in
462 1435 666 1479 incertis
692 1435 828 1479 enim
858 1432 979 1478 nihil
1005 1440 1083 1480 est
1111 1432 1390 1496 probabile,
1414 1436 1467 1480 in
1495 1433 1678 1497 quibus
1708 1439 1881 1480 autem

383 1523 478 1572 est,
514 1519 567 1563 in
606 1519 665 1563 iis
701 1533 803 1564 non
844 1517 1009 1564 deerit
1045 1520 1262 1580 sapienti
1299 1534 1393 1565 nec
1434 1518 1559 1582 quid
1598 1516 1753 1565 faciat
1788 1533 1881 1565 nec

277 1610 353 1651 111
382 1604 503 1667 quid
544 1605 867 1668 respondeat.
939 1605 1017 1653 Ne
1053 1605 1191 1652 illam
1233 1606 1440 1669 quidem
1475 1608 1879 1670 praetermisisti,

383 1690 610 1747 Luculle,
655 1690 1102 1754 reprehensionem
1143 1691 1542 1739 Antiochi—nec
1586 1694 1787 1749 mirum,
1825 1695 1878 1739 in

381 1778 552 1838 primis
574 1778 710 1822 enim
730 1783 808 1822 est
829 1775 1177 1840 nobilis—qua
1196 1775 1394 1824 solebat
1413 1776 1581 1824 dicere
1596 1775 1877 1824 Antiochus

380 1859 643 1907 Philonem
667 1864 888 1908 maxime
917 1863 1307 1924 perturbatum:
1342 1878 1458 1909 cum
1492 1865 1628 1909 enim
1657 1878 1877 1910 sumere-

379 1952 463 1993 tur
488 1962 662 2002 unum,
689 1962 799 1994 esse
829 1947 1082 2011 quaedam
1112 1946 1238 1994 falsa
1257 1950 1379 2004 visa,
1405 1946 1640 2003 alterum,
1667 1946 1790 1994 nihil
1814 1963 1875 1995 ea

380 2029 580 2078 differre
613 2047 644 2077 a
667 2034 813 2087 veris,
838 2048 939 2078 non
972 2032 1242 2079 attendere
1275 2034 1502 2095 superius
1525 2031 1649 2079 illud
1681 2048 1743 2078 ea
1764 2047 1819 2079 re
1842 2047 1873 2080 a

379 2130 435 2162 se
469 2131 578 2162 esse
611 2132 903 2162 concessum
937 2116 1073 2179 quod
1106 2117 1362 2164 videretur
1395 2132 1505 2163 esse
1538 2117 1790 2180 quaedam
1821 2119 1870 2165 in

380 2203 494 2247 visis
532 2199 834 2257 differentia,
874 2217 987 2248 eam
1025 2201 1132 2248 tolli
1172 2201 1332 2249 altero
1370 2219 1470 2266 quo
1508 2209 1666 2266 neget
1703 2205 1808 2250 visa
1843 2217 1874 2250 a

612 2346 626 2371 ²
657 2345 838 2399 quidem
858 2363 867 2387 ε
901 2345 1023 2398 quid,
1046 2345 1182 2399 quod,
1204 2348 1281 2398 qui
1301 2347 1423 2387 codd.
1447 2347 1667 2388 nonnulli.

822 2400 838 2424 ²
869 2399 1093 2441 decretum
1115 2401 1303 2441 inseruit
1324 2402 1389 2442 ed.

606 2551 624 2570 ο
653 2550 671 2592 ς
694 2548 762 2586 2⁷.
1428 2546 1445 2572 ⁶
1474 2550 1494 2594 ς
1514 2549 1584 2588 44.

382 2610 477 2659 608
