1919 3006
984 184 1235 235 CICERO

365 313 620 377 publicum
652 317 725 362 rei
757 317 986 377 privatae
1015 314 1131 379 lege
1161 315 1433 372 Plaetoria,
1460 317 1579 365 inde
1611 321 1852 366 everricu-

364 382 466 429 lum
487 382 795 429 malitiarum
817 385 1041 429 omnium
1062 383 1303 430 iudicium
1325 384 1389 431 de
1411 383 1526 432 dolo
1547 384 1698 442 malo,
1721 387 1853 449 quod

364 449 418 496 C.
449 449 698 513 Aquillius
735 448 992 496 familiaris
1029 458 1202 497 noster
1237 450 1468 513 protulit,
1504 468 1657 515 quem
1685 452 1855 500 dolum

363 517 498 564 idem
526 516 775 579 Aquillius
802 523 914 563 tum
940 520 1105 564 teneri
1132 525 1283 580 putat
1309 535 1424 565 cum
1452 518 1588 566 aliud
1614 522 1680 566 sit
1706 523 1857 567 simu-

286 590 340 632 75
364 584 522 630 latum
547 584 682 631 aliud
705 590 891 631 actum.
961 584 1106 630 Hanc
1128 588 1283 648 igitur
1305 592 1505 632 tantam
1528 603 1557 632 a
1579 587 1653 633 dis
1676 590 1858 634 inmor-

363 651 548 698 talibus
579 652 882 698 arbitramur
910 651 1157 698 malorum
1187 656 1457 699 sementim
1488 669 1598 700 esse
1627 652 1858 700 factam?

364 718 414 764 Si
450 722 584 765 enim
618 722 869 765 rationem
904 717 1188 766 hominibus
1224 720 1274 767 di
1309 720 1579 776 dederunt,
1612 720 1858 768 malitiam

364 786 647 841 dederunt3
697 792 776 832 est
812 789 946 832 enim
982 786 1175 833 malitia
1211 795 1415 833 versuta
1451 794 1505 834 et
1539 786 1693 834 fallax
1729 791 1858 835 ratio

367 853 580 900 nocendi
605 868 616 907 3
674 853 828 899 iidem
855 856 1011 899 etiam
1038 854 1087 900 di
1113 852 1345 901 fraudem
1371 855 1641 910 dederunt,
1666 854 1857 902 facinus

365 927 657 983 ceteraque,
682 937 895 983 quorum
921 919 1043 966 nihil
1068 938 1162 967 nec
1195 925 1376 983 suscipi
1407 925 1515 968 sine
1539 925 1735 969 ratione
1767 938 1859 969 nec

363 987 489 1034 effici
514 994 701 1050 potest.
774 987 986 1034 Utinam
1012 991 1182 1051 igitur,
1209 996 1268 1035 ut
1293 988 1377 1035 illa
1403 1005 1527 1036 anus
1553 996 1701 1052 optat

996 1099 1050 1125 ne
1071 1087 1115 1125 in
1139 1099 1316 1126 nemore
1339 1085 1458 1126 Pelio
1479 1085 1706 1127 securibus

538 1151 692 1180 caesae
713 1138 974 1180 accidissent
995 1139 1212 1191 abiegnae
1232 1139 1289 1180 ad
1311 1144 1473 1181 terram
1494 1140 1655 1188 trabes,

364 1226 434 1271 sic
476 1227 627 1270 istam
670 1222 1003 1270 calliditatem
1043 1223 1329 1271 hominibus
1371 1224 1419 1272 ch·
1462 1240 1527 1271 ne
1568 1223 1859 1272 dedissent!

366 1308 467 1355 qua
502 1294 743 1354 perpauci
778 1292 911 1337 bene
948 1298 1180 1347 utuntur,
1209 1295 1294 1355 qui
1325 1299 1502 1338 tamen
1527 1295 1621 1354 ipsi
1649 1308 1802 1355 saepe
1831 1308 1859 1338 a

365 1358 498 1406 male
535 1359 798 1406 utentibus
843 1361 1214 1421 opprimuntur,
1253 1359 1645 1406 innumerabiles
1686 1366 1859 1406 autem

366 1426 595 1489 improbe
628 1433 860 1481 utuntur,
886 1433 945 1472 ut
970 1426 1159 1473 donum
1187 1425 1282 1473 hoc
1314 1427 1539 1474 divinum
1567 1430 1774 1474 rationis
1806 1433 1859 1474 et

367 1493 557 1541 consilii
601 1493 666 1541 ad
708 1492 940 1540 fraudem
983 1492 1287 1550 hominibus,
1323 1511 1425 1541 non
1468 1494 1533 1541 ad
1574 1495 1859 1541 bonitatem

367 1564 685 1623 impertitum
710 1577 819 1607 esse
844 1561 1091 1607 videatur.

289 1635 344 1675 76
431 1628 621 1674 XXXI.
659 1627 687 1644 “
713 1626 814 1674 Sed
864 1631 1055 1691 urgetis
1106 1628 1389 1675 identidem
1438 1626 1699 1674 hominum
1750 1642 1860 1674 esse

366 1699 516 1742 istam
532 1694 749 1757 culpam,
765 1712 866 1742 non
882 1696 1093 1742 deorum
1107 1724 1170 1729 ——
1186 1702 1243 1741 ut
1259 1699 1299 1742 si
1314 1695 1538 1742 medicus
1554 1698 1862 1758 gravitatem

366 1763 544 1818 morbi,
573 1763 885 1826 gubernator
913 1765 1014 1808 vim
1042 1765 1366 1824 tempestatis
1397 1769 1600 1809 accuset
1624 1777 1636 1817 ;
1685 1765 1780 1808 etsi
1809 1760 1860 1808 hi

367 1831 573 1893 quidem
601 1829 907 1885 homunculi,
938 1830 1027 1877 sed
1056 1837 1231 1876 tamen
1259 1829 1452 1876 ridiculi
1477 1846 1487 1876 :
1535 1828 1545 1845 ‘
1571 1828 1695 1888 Quis
1726 1831 1859 1875 enim

366 1905 420 1944 te
441 1896 753 1944 adhibuisset
777 1896 787 1911 '
807 1897 993 1944 dixerit
1013 1900 1261 1960 quispiam
1281 1896 1291 1912 ‘
1316 1900 1356 1943 si
1374 1900 1472 1943 ista
1490 1913 1592 1943 non
1611 1903 1781 1943 essent
1804 1896 1823 1942 ?
1848 1894 1859 1911 '

367 1964 555 2011 Contra
582 1965 735 2011 deum
761 1963 880 2011 licet
907 1965 1166 2027 disputare
1193 1964 1396 2011 liberius
1421 1980 1432 2010 z
1478 1962 1488 1979 ‘
1516 1963 1575 2010 In
1600 1962 1859 2010 hominum

367 2035 498 2078 vitiis
520 2035 590 2078 ais
612 2048 721 2079 esse
741 2031 941 2094 culpam
966 2049 975 2078 :
1014 2048 1124 2078 eam
1147 2032 1371 2078 dedisses
1397 2029 1682 2078 hominibus
1708 2033 1860 2077 ratio-

434 2176 453 2195 ⁰
481 2171 588 2212 This
616 2170 701 2212 law
728 2171 858 2212 made
887 2171 961 2212 the
991 2170 1200 2222 cheating
1226 2171 1275 2211 of
1292 2182 1445 2222 young
1465 2183 1566 2210 men
1595 2169 1656 2221 by
1678 2182 1860 2220 money-

369 2224 540 2265 lenders
569 2239 596 2266 a
623 2225 825 2266 criminal
854 2225 1038 2273 offence,
1059 2226 1308 2266 conviction
1338 2226 1546 2277 carrying
1577 2223 1859 2276 ineligibility

370 2279 453 2357 for*
462 2279 815 2385 pgipdlffabllgrciehis
834 2346 947 2385 gave
967 2334 1114 2373 action
1134 2333 1203 2373 for
1222 2332 1359 2372 forms
1375 2332 1426 2372 of
1440 2330 1572 2372 fraud
1587 2334 1665 2372 not
1679 2333 1858 2382 coming

377 2386 518 2427 under
537 2401 627 2438 any
647 2389 850 2440 previous
871 2385 1076 2426 formula.

432 2446 447 2465 ⁶
476 2441 569 2481 The
599 2443 792 2493 opening
822 2440 930 2481 lines
960 2440 1010 2481 of
1036 2439 1244 2480 Ennius's
1276 2438 1447 2486 Medea,
1470 2436 1712 2479 translated
1741 2438 1857 2478 from

366 2494 625 2547 Euripides:
668 2495 734 2534 εἴθ’
764 2498 897 2544 ὤφελε
918 2523 930 2535 .
951 2523 962 2534 .
984 2523 996 2535 .
1016 2494 1111 2544 μήδ’
1137 2496 1178 2533 ἐν
1208 2495 1376 2533 νάπαισι
1407 2495 1565 2542 Πηλίου
1590 2494 1726 2533 πεσεῖν
1758 2505 1856 2531 ποτε

363 2551 560 2596 τμηθεῖσα
581 2551 718 2599 πεύκη.

374 2611 471 2659 360
