1853 3001
864 200 1116 248 CICERO

248 347 280 379 a
302 347 508 394 corpore
534 337 588 378 et
611 330 915 378 redeuntem
935 331 1000 378 ad
1023 347 1201 393 corpus
1227 332 1379 377 animi
1403 329 1735 393 voluptatem.

248 397 364 446 Non
402 399 616 446 arbitror
651 405 723 453 te,
761 397 939 453 Vellei,
976 398 1189 446 similem
1227 414 1336 445 esse
1373 398 1736 461 Epicureorum

248 465 576 529 reliquorum¹
604 481 729 527 quos
759 466 951 528 pudeat
975 466 1290 529 quarundam
1315 465 1518 527 Epicuri
1543 482 1737 520 vocum,

249 534 431 596 quibus
463 532 546 579 ille
578 539 800 579 testatur
830 549 884 580 se
917 548 980 579 ne
1011 532 1310 596 intellegere
1343 532 1548 596 quidem
1579 531 1735 579 ullum

249 601 438 647 bonum
481 600 616 662 quod
651 602 717 647 sit
753 603 1037 647 seiunctum
1080 617 1110 646 a
1150 599 1377 647 delicatis
1414 606 1469 647 et
1509 600 1736 647 obscenis

250 667 612 730 voluptatibus,
657 683 781 730 quas
827 668 1034 731 quidem
1078 683 1179 714 non
1225 667 1525 714 erubescens
1570 682 1739 729 perse-

147 739 225 779 112
250 738 421 798 quitur
459 737 620 781 omnis
659 737 972 782 nominatim.
1042 734 1208 793 Quem
1248 735 1416 781 cibum
1454 736 1611 798 igitur
1650 740 1740 780 aut

251 818 375 864 quas
400 805 632 864 potiones
665 809 755 849 aut
779 819 903 865 quas
929 819 1105 849 vocum
1132 808 1221 848 aut
1244 800 1444 848 florum²
1469 804 1740 848 varietates

251 876 341 916 aut
361 885 484 931 quos
510 876 676 915 tactus
697 886 820 932 quos
840 869 1017 917 odores
1038 868 1300 916 adhibebis
1321 869 1385 916 ad
1409 868 1547 924 deos,
1572 875 1631 915 ut
1656 884 1740 915 eos

247 935 522 998 perfundas
535 935 912 998 voluptatibus?
950 937 1020 983 Et
1033 943 1219 999 poetae
1236 937 1438 999 quidem
1452 942 1627 982 nectar
1638 951 1741 981 am-

249 1003 467 1050 brosiam
485 1004 664 1066 <que>⁸
688 1007 816 1052 <in>⁴
838 1003 1011 1067 epulas
1030 1010 1308 1067 conparant
1327 1010 1380 1050 et
1400 1009 1489 1050 aut
1505 1002 1741 1050 Iuventa-

258 1076 365 1117 tem
385 1077 474 1117 aut
495 1071 848 1134 Ganymedem
866 1070 1046 1135 pocula
1063 1074 1454 1127 ministrantem,
1472 1076 1530 1117 tu
1550 1076 1741 1126 autem,

251 1137 487 1200 Epicure,
513 1139 635 1201 quid
668 1138 821 1186 facies
845 1139 864 1186 ?
901 1154 1068 1202 neque
1094 1141 1228 1185 enim
1254 1138 1389 1185 unde
1421 1136 1611 1184 habeat
1642 1139 1741 1183 ista

251 1205 375 1252 deus
405 1212 522 1252 tuus
551 1206 697 1253 video
730 1222 823 1253 1166
853 1223 952 1269 quo
980 1205 1131 1254 modo
1159 1212 1349 1253 utatur.
1419 1203 1741 1268 Locupletior

250 1274 407 1335 igitur
431 1271 692 1320 hominum
717 1280 899 1320 natura
925 1273 988 1321 ad
1012 1273 1165 1320 beate
1191 1272 1460 1320 vivendum
1485 1279 1563 1319 est
1587 1288 1739 1335 quam

250 1339 477 1396 deorum,
500 1340 635 1403 quod
656 1340 881 1403 pluribus
903 1341 1174 1404 generibus
1197 1338 1380 1387 fruitur
1401 1338 1736 1402 voluptatum.

149 1411 227 1452 113
252 1406 325 1453 At
382 1405 472 1454 has
530 1406 741 1455 leviores
799 1408 938 1456 ducis
996 1407 1302 1471 voluptates,
1359 1407 1540 1471 quibus
1597 1408 1739 1469 quasi

251 1472 478 1521 titillatio
516 1475 741 1539 (Epicuri
779 1478 915 1522 enim
952 1473 1046 1522 hoc
1083 1476 1294 1522 verbum
1332 1474 1430 1538 est)
1469 1472 1740 1521 adhibetur

251 1542 493 1588 sensibus.
601 1542 877 1606 Quousque
916 1541 1087 1590 ludis?
1192 1541 1324 1589 Nam
1401 1544 1556 1588 etiam
1597 1539 1739 1587 Philo

251 1615 423 1655 noster
453 1607 586 1655 ferre
617 1626 719 1657 non
749 1617 954 1673 poterat
986 1611 1241 1673 aspernari
1273 1609 1547 1671 Epicureos
1578 1606 1739 1654 mollis

252 1682 306 1722 et
361 1675 602 1723 delicatas
658 1676 983 1739 voluptates3
1056 1693 1254 1724 summa
1309 1679 1444 1723 enim
1497 1677 1740 1722 memoria

251 1743 616 1805 pronuntiabat
660 1744 899 1808 plurimas
948 1744 1151 1807 Epicuri
1197 1746 1476 1791 sententias
1516 1745 1576 1789 iis
1621 1745 1740 1804 ipsis

252 1810 416 1857 verbis
477 1811 659 1873 quibus
720 1818 867 1859 erant
927 1815 1180 1874 scriptae;
1261 1810 1544 1857 Metrodori
1603 1825 1740 1865 vero,

254 1879 339 1939 qui
373 1884 451 1924 est
487 1878 689 1940 Epicuri
721 1878 915 1943 collega
949 1881 1247 1942 sapientiae,
1279 1877 1459 1925 multa⁵
1494 1876 1741 1939 inpuden-

252 1946 383 1991 tiora
418 1946 702 1993 recitabat:
750 1953 954 1993 accusat
989 1949 1124 1992 enim
1158 1945 1495 1993 Timocratem
1530 1942 1739 1991 fratrem

251 2027 398 2057 suum
450 2011 774 2060 Metrodorus
823 2013 960 2077 quod
1008 2014 1212 2060 dubitet
1260 2015 1429 2060 omnia
1494 2027 1626 2075 quae
1675 2010 1738 2057 ad

251 2078 459 2125 beatam
501 2082 659 2126 vitam
699 2084 993 2143 pertineant
1034 2087 1212 2127 ventre
1252 2081 1439 2135 metiri,
1480 2093 1648 2142 neque
1686 2077 1740 2124 id

251 2145 409 2192 semel
451 2146 574 2194 dicit
615 2148 706 2195 sed
747 2151 962 2210 saepius.
1030 2148 1273 2195 Adnuere
1314 2154 1370 2194 te
1412 2146 1576 2202 video,
1617 2151 1740 2192 nota

252 2215 387 2260 enim
411 2214 505 2261 tibi
528 2221 648 2261 sunt
669 2230 682 2271 ;
723 2214 1001 2278 proferrem
1024 2214 1174 2262 libros
1198 2217 1239 2262 si
1262 2229 1491 2278 negares.
1559 2211 1740 2276 Neque

435 2321 454 2347 ²
482 2320 732 2374 aliquorum
753 2322 956 2364 Bouhier.
1074 2322 1092 2348 ¹
1120 2320 1317 2363 colorum
1345 2321 1530 2363 Walker.

529 2376 546 2400 ³
575 2377 679 2417 add.
714 2377 962 2471 Viquulto
983 2431 1004 2471 ρ
1023 2376 1325 2481 Ριωόἐηιῖἀά.
1347 2374 1476 2416 Reid.

281 2557 300 2577 ⁰
330 2553 412 2594 His
431 2554 591 2608 phrase
607 2567 696 2596 was
712 2558 989 2607 γαργαλισμοὶ
1003 2558 1186 2604 σώματος
1202 2555 1479 2608 (Athenaeus
1498 2555 1572 2596 xii.
1588 2554 1706 2607 646).

261 2623 281 2664 l
293 2623 355 2665 08
