1919 3006
941 181 1193 230 CICERO

324 312 442 359 nihil
477 313 541 361 de
574 314 648 361 dis
683 313 934 375 explicare
968 316 1324 370 convinceret3
1374 317 1550 377 itaque
1582 317 1805 378 inseque-

324 394 473 442 batur
497 412 507 441 ε
556 394 566 410 ‘
592 394 727 453 Quid
765 395 941 441 enim?
965 393 977 410 '
1015 395 1185 442 aiebat
1214 394 1279 442 ‘si
1315 393 1367 441 hi
1402 394 1584 443 fratres
1613 404 1733 443 sunt
1762 400 1813 443 in

321 493 531 523 numero
554 477 781 532 deorum,
804 493 925 523 num
948 476 1012 523 de
1034 484 1180 539 patre
1205 493 1378 523 eorum
1401 476 1617 524 Saturno
1639 481 1814 542 negari

322 565 511 620 potest,
544 574 696 621 quem
728 557 874 621 volgo
904 561 1125 604 maxime
1158 557 1329 605 colunt
1360 559 1425 606 ad
1455 559 1812 606 occidentem?

322 638 422 697 Qui
457 642 498 686 si
538 647 615 686 est
654 640 797 696 deus,
833 647 1033 702 patrem
1073 657 1274 703 quoque
1312 644 1418 687 eius
1455 640 1665 687 Caelum
1704 657 1813 688 esse

323 720 476 768 deum
524 721 870 768 confitendum
919 728 1012 768 est.
1100 721 1249 780 Quod
1304 725 1345 768 si
1400 725 1476 769 ita
1527 729 1622 778 est,
1676 722 1815 769 Caeli

323 818 525 866 quoque
561 810 799 865 parentes
836 803 886 850 di
922 802 1143 850 habendi
1179 810 1314 859 sunt,
1352 802 1549 850 Aether
1585 810 1640 851 et
1675 803 1817 860 Dies,

324 899 601 947 eorumque
623 883 804 931 fratres
826 891 879 931 et
899 901 1110 940 sorores,
1131 887 1215 948 qui
1237 901 1266 931 a
1285 884 1576 949 genealogis
1598 888 1818 948 antiquis

327 967 395 1012 sic
411 969 753 1022 nominantur,
774 966 932 1013 Amor
949 965 1107 1013 Dolus
1131 965 1326 1013 Metus1
1348 965 1515 1013 Labor
1531 965 1820 1013 Invidentia

324 1046 507 1093 Fatum
545 1046 790 1094 Senectus
834 1047 973 1094 Mors
1017 1047 1281 1094 Tenebrae
1334 1047 1543 1094 Miseria
1579 1046 1820 1106 Querella

324 1128 501 1175 Gratia
533 1129 688 1176 Fraus
721 1128 1005 1175 Pertinacia
1036 1128 1223 1175 Parcae
1256 1128 1565 1191 Hesperides
1596 1127 1817 1185 Somnia,

323 1226 446 1272 quos
501 1213 660 1257 omnis
706 1210 874 1257 Erebo
929 1217 982 1257 et
1029 1210 1190 1257 Nocte
1237 1217 1382 1257 natos
1436 1208 1644 1257 ferunt.'
1710 1210 1818 1257 Aut

323 1293 480 1355 igitur
517 1290 643 1338 haec
682 1299 909 1338 monstra
947 1292 1210 1354 probanda
1248 1299 1366 1339 sunt
1407 1299 1496 1339 aut
1534 1295 1697 1354 prima
1734 1291 1819 1338 illa

245 1379 299 1421 45
322 1372 562 1420 tollenda.
672 1373 865 1419 XVIII.
921 1373 1098 1432 Quid?
1166 1373 1454 1436 Apollinem
1537 1372 1818 1420 Volcanum

326 1453 637 1501 Mercurium
689 1462 884 1502 ceteros
937 1455 1058 1502 deos
1111 1470 1221 1502 esse
1273 1455 1427 1511 dices,
1478 1454 1544 1502 de
1595 1453 1817 1501 Hercule

323 1535 625 1598 Aesculapio
699 1535 883 1583 Libero
960 1535 1169 1584 Castore
1245 1535 1448 1583 Polluce
1517 1535 1816 1583 dubitabis?

322 1617 395 1664 At
423 1616 474 1664 hi
506 1617 712 1681 quidem
743 1617 975 1664 coluntur
1005 1633 1168 1681 aeque
1200 1625 1356 1681 atque
1385 1616 1472 1673 illi,
1504 1616 1641 1679 apud
1670 1633 1817 1680 quos-

323 1698 441 1745 dam
467 1702 623 1746 etiam
647 1698 808 1745 multo
833 1702 1009 1763 magis.
1079 1699 1214 1763 Ergo
1244 1698 1294 1745 hi
1326 1699 1408 1746 dei
1441 1705 1560 1746 sunt
1592 1697 1816 1745 habendi

322 1780 616 1827 mortalibus
634 1784 741 1827 nati
757 1781 1032 1827 matribus?
1055 1780 1220 1839 Quid?
1255 1781 1536 1836 Aristaeus,
1553 1782 1639 1843 qui
1655 1778 1817 1826 olivae

323 1861 505 1908 dicitur
524 1865 774 1918 inventor,
796 1862 1040 1925 Apollinis
1063 1862 1208 1918 filius,
1228 1861 1453 1908 Theseus
1476 1860 1720 1924 Neptuni,
1739 1876 1817 1907 re-

324 1941 444 2005 liqui
467 1960 681 2006 quorum
701 1951 872 2006 patres
895 1944 963 1999 di,
981 1961 1081 1990 non
1100 1950 1249 1990 erunt
1265 1946 1316 1990 in
1333 1943 1544 1990 deorum
1562 1958 1773 1989 numero
1796 1941 1816 1988 ?

325 2023 459 2082 Quid
485 2041 697 2088 quorum
717 2032 906 2072 matres
930 2025 948 2071 ?
983 2025 1175 2088 Opinor
1196 2028 1351 2072 etiam
1369 2027 1530 2088 magis
1554 2039 1566 2080 ;
1601 2030 1659 2071 ut
1679 2026 1815 2070 enim

322 2108 430 2151 iure
465 2105 594 2151 civili
629 2109 713 2168 qui
751 2113 829 2152 est
863 2113 1027 2154 matre
1061 2106 1220 2153 libera
1254 2106 1381 2153 liber
1415 2112 1511 2161 est,
1544 2107 1672 2152 item
1704 2107 1813 2151 iure

323 2193 535 2233 naturae
560 2190 645 2250 qui
670 2188 766 2234 dea
790 2195 953 2234 matre
978 2194 1057 2235 est
1079 2187 1203 2235 deus
1227 2190 1293 2234 sit
1315 2202 1522 2234 necesse
1546 2192 1640 2234 est.
1709 2185 1812 2232 Ita-

323 2284 422 2330 que
463 2267 710 2314 Achillem
754 2268 1183 2332 Astypalaeenses
1223 2267 1437 2315 insulani
1481 2270 1812 2315 sanctissume

322 2348 494 2396 colunt
513 2363 524 2405 3
569 2353 654 2413 qui
674 2353 710 2396 si
733 2350 857 2396 deus
879 2357 974 2406 est,
992 2358 1045 2397 et
1065 2348 1298 2412 Orpheus
1320 2356 1373 2397 et
1393 2348 1587 2396 Rhesus
1607 2349 1658 2396 di
1676 2354 1814 2404 sunt,

583 2477 600 2504 ¹
635 2478 784 2520 Metus
805 2479 908 2520 dett.
929 2496 940 2520 ε
976 2479 1164 2520 Morbus
1185 2478 1305 2527 dett„
1327 2478 1487 2519 modus
1510 2478 1569 2526 A,
1589 2478 1644 2522 Β.

331 2609 424 2652 328
