1919 3006
972 217 1225 265 CICERO

348 355 505 399 etiam
530 358 584 398 et
607 349 868 396 Socratem
891 346 1143 411 profertis.
1213 345 1315 394 Sed
1338 362 1507 410 neque
1530 345 1848 402 Saturninus,

347 438 407 478 ut
446 436 675 476 nostrum
715 430 973 474 inimicum
1013 429 1331 488 potissimum
1372 428 1646 480 nominem,
1687 423 1848 470 simile

349 509 627 572 quidquam
675 505 856 552 habuit
905 512 1137 551 veterum
1186 504 1401 560 illorum,
1450 520 1544 550 nec
1592 503 1848 550 Arcesilae

348 588 599 634 calumnia
629 584 936 632 conferenda
967 591 1045 630 est
1074 600 1188 629 cum
1219 583 1501 630 Democriti
1530 583 1847 629 verecundia.

348 666 418 714 Et
452 673 629 713 tamen
663 667 747 710 isti
782 661 976 726 physici
1011 678 1122 708 raro
1160 661 1451 717 admodum,
1487 677 1602 708 cum
1636 660 1852 707 haerent

351 746 518 808 aliquo
548 744 674 800 loco,
706 742 995 789 exclamant
1026 744 1168 804 quasi
1198 747 1373 787 mente
1403 740 1854 802 incitati—Empe-

351 823 519 872 docles
557 821 765 885 quidem
802 827 861 867 ut
896 819 1155 866 interdum
1191 818 1314 864 mihi
1351 817 1519 864 furere
1556 818 1855 865 videatur-—

353 904 586 950 abstrusa
616 916 725 947 esse
756 902 941 954 omnia,
971 897 1094 944 nihil
1123 914 1212 944 nos
1242 901 1450 953 sentire,
1479 896 1602 943 nihil
1631 912 1856 953 cernere,

354 981 476 1028 nihil
494 983 696 1027 omnino
715 978 864 1042 quale
882 981 947 1024 sit
963 993 1109 1040 posse
1127 980 1350 1039 reperire
1374 991 1385 1032 3
1420 979 1665 1023 maiorem
1683 983 1856 1022 autem

353 1066 556 1123 partem
579 1056 701 1104 mihi
727 1057 934 1120 quidem
960 1071 1134 1102 omnes
1159 1058 1243 1101 isti
1267 1055 1504 1101 videntur
1528 1057 1675 1101 nimis
1701 1057 1858 1101 etiam

356 1137 609 1201 quaedam
641 1135 925 1190 adfirmare,
956 1134 1172 1197 plusque
1203 1133 1430 1196 profiteri
1461 1149 1515 1180 se
1546 1136 1672 1179 scire
1703 1149 1856 1196 quam

279 1227 330 1267 15
356 1220 532 1264 sciant.
601 1214 794 1273 Quodsi
829 1213 899 1260 illi
933 1219 1045 1260 tum
1080 1215 1133 1259 in
1167 1215 1307 1259 novis
1341 1213 1492 1259 rebus
1529 1215 1673 1275 quasi
1705 1211 1858 1258 modo

356 1300 623 1342 nascentes
649 1291 1050 1346 haesitaverunt,
1076 1289 1266 1336 nihilne
1291 1297 1372 1337 tot
1397 1290 1626 1346 saeculis,
1651 1293 1857 1337 summis

357 1375 588 1437 ingeniis,
650 1373 882 1417 maximis
954 1369 1132 1416 studiis
1202 1369 1510 1431 explicatum
1575 1369 1858 1432 putamus?

357 1466 524 1499 nonne
573 1465 687 1496 cum
728 1451 830 1495 iam
877 1446 1290 1510 philosophorum
1336 1447 1629 1510 disciplinae
1669 1451 1858 1512 gravis-

357 1534 514 1578 simae
552 1530 916 1582 constitissent,
953 1533 1065 1573 tum
1102 1532 1308 1573 exortus
1352 1533 1447 1582 est,
1484 1533 1543 1574 ut
1583 1530 1636 1573 in
1667 1531 1860 1590 optima

356 1625 413 1657 re
448 1608 650 1672 publica
684 1607 758 1653 Ti.
800 1605 1055 1652 Gracchus
1093 1609 1179 1669 qui
1217 1609 1379 1653 otium
1414 1606 1758 1668 perturbaret,
1790 1609 1860 1654 sic

358 1686 607 1736 Arcesilas
656 1688 742 1748 qui
790 1688 1122 1731 constitutam
1169 1684 1538 1748 philosophiam
1587 1692 1861 1743 everteret,

360 1773 415 1814 et
445 1769 497 1812 in
524 1781 698 1812 eorum
725 1767 1031 1810 auctoritate
1058 1764 1384 1811 delitesceret
1416 1767 1503 1827 qui
1535 1767 1861 1828 negavissent

359 1843 637 1907 quidquam
663 1845 773 1888 sciri
794 1848 883 1888 aut
900 1845 1090 1905 percipi
1115 1858 1263 1904 posse
1285 1842 1305 1889 ?
1342 1841 1571 1901 Quorum
1597 1858 1626 1889 e
1650 1859 1861 1889 numero

359 1921 613 1969 tollendus
664 1927 742 1967 est
780 1927 833 1966 et
871 1919 1016 1966 Plato
1056 1927 1109 1967 et
1156 1919 1585 1967 Socrates—alter
1632 1923 1750 1983 quia
1786 1937 1862 1968 re-

359 1998 509 2061 liquit
552 1996 973 2060 perfectissimam
1019 1997 1351 2059 disciplinam,
1396 1995 1762 2059 Peripateticos
1809 2005 1862 2044 et

361 2076 710 2131 Academicos,
747 2076 1032 2122 nominibus
1069 2074 1379 2130 differentes,
1414 2091 1469 2121 re
1505 2082 1861 2138 congruentes,

361 2169 392 2199 a
415 2153 595 2216 quibus
621 2150 774 2198 Stoici
799 2155 892 2214 ipsi
918 2153 1081 2198 verbis
1106 2155 1267 2215 magis
1293 2167 1446 2214 quam
1471 2154 1737 2198 sententiis
1763 2151 1859 2198 dis-

423 2359 441 2378 ⁰
471 2354 557 2401 i.e.‚
570 2358 614 2394 to
630 2357 712 2405 put
727 2353 946 2394 Arcesilas
966 2355 1010 2393 in
1029 2367 1056 2393 a
1073 2352 1146 2394 list
1160 2353 1210 2394 of
1224 2352 1529 2405 philosophers
1546 2352 1645 2393 that
1659 2351 1857 2394 includes

367 2408 645 2448 Democritus
673 2408 708 2447 is
736 2406 827 2447 like
854 2406 1048 2459 classing
1075 2420 1102 2447 a
1131 2407 1315 2448 modern
1343 2406 1623 2459 demagogue
1650 2406 1755 2447 with
1782 2407 1859 2448 the

366 2461 634 2502 democratia
652 2465 890 2501 statesmen
915 2461 965 2501 of
984 2461 1167 2513 history.
1230 2460 1512 2508 Saturninus,
1533 2459 1608 2501 the
1631 2459 1858 2513 colleague

368 2516 419 2555 of
445 2515 632 2608 &flarius
659 2514 813 2567 finally
834 2519 950 2556 went
975 2514 1154 2567 beyond
1182 2513 1289 2561 him,
1312 2514 1401 2555 and
1422 2526 1512 2555 was
1539 2513 1676 2555 killed
1704 2514 1764 2567 by
1784 2513 1858 2555 the

368 2582 441 2609 mo
477 2600 486 2610 .

369 2639 464 2681 484
