1919 3006
961 216 1213 266 CICERO

341 351 517 412 gentia
564 363 655 410 per
709 362 849 393 mare
908 350 1270 409 pertinentem,
1316 347 1453 395 idem
1500 347 1566 396 de
1612 346 1833 405 Cerere3

343 420 495 462 istam
535 422 708 461 autem
746 413 1152 478 intellegentiam
1207 421 1298 462 aut
1348 418 1499 462 maris
1541 422 1631 462 aut
1665 422 1833 463 terrae

343 500 444 530 non
478 483 628 530 modo
665 480 1095 544 comprehendere
1129 485 1295 528 animo
1331 483 1421 530 sed
1453 497 1518 529 ne
1554 485 1834 546 suspicione

343 551 550 614 quidem
600 566 804 612 possum
863 552 1133 613 attingere.
1218 549 1401 612 Itaque
1451 549 1653 597 aliunde
1711 549 1834 596 mihi

345 617 693 681 quaerendum
734 623 811 663 est
848 623 907 663 ut
949 623 1003 663 et
1041 632 1150 663 esse
1188 616 1309 664 deos
1348 623 1402 664 et
1437 616 1612 680 quales
1646 619 1748 665 sint
1783 618 1834 665 di

343 686 534 732 discere
563 687 779 747 possim3
813 683 972 747 qualis
1001 691 1059 730 tu
1089 700 1174 730 eos
1211 700 1319 731 esse
1356 687 1427 730 vis
1463 683 1608 731 <vide
1632 699 1698 731 ne
1724 699 1834 731 esse

265 763 318 802 65
342 769 442 798 non
478 755 686 815 possint.
756 749 952 805 Nunc>1
988 751 1247 798 videamus
1284 767 1345 798 ea
1374 767 1505 814 quae
1537 759 1835 815 sequuntur,

342 823 560 882 primum
607 819 942 868 deorum<ne>
986 819 1303 881 providentia
1348 819 1566 866 mundus
1611 826 1836 884 regatur,

344 887 527 934 deinde
563 885 893 933 consulantne
925 886 975 932 di
1010 887 1160 933 rebus
1191 885 1438 933 humanis.
1522 886 1664 933 Haec
1700 889 1835 933 enim

342 953 465 1001 mihi
502 970 565 1000 ex
612 960 703 1000 tua
739 956 1014 1016 partitione
1049 960 1247 1000 restant
1288 954 1422 1010 duo;
1477 953 1542 1000 de
1578 954 1759 1017 quibus
1795 956 1834 1000 si

343 1022 481 1069 vobis
507 1021 706 1068 videtur
731 1024 1009 1068 accuratius
1036 1019 1384 1068 disserendum
1408 1019 1586 1083 puto.’'

409 1088 437 1105 “
460 1087 589 1134 Mihi
614 1104 732 1135 vero
752 1086 962 1152 ”inquit
986 1087 1206 1135 Velleius
1232 1086 1260 1104 ‘⁶
1283 1087 1429 1136 valde
1447 1088 1677 1144 videtur3
1719 1103 1836 1134 nam

344 1163 398 1203 et
419 1159 610 1202 maiora
633 1163 872 1219 exspecto
897 1163 950 1202 et
970 1159 1029 1202 iis
1053 1171 1184 1219 quae
1206 1155 1344 1203 dicta
1364 1162 1484 1203 sunt
1504 1154 1837 1202 vehementer

344 1222 651 1271 adsentior.”

406 1291 536 1338 Tum
581 1289 766 1337 Balbus
815 1288 843 1305 “
868 1289 1201 1352 Interpellare
1248 1296 1303 1336 te
1327 1288 1355 1305 '’
1399 1292 1565 1352 inquit
1612 1287 1641 1305 “
1665 1287 1836 1344 Cotta,

343 1358 474 1414 nolo,
506 1358 596 1405 sed
625 1373 881 1405 sumemus
911 1363 1114 1420 tempus
1146 1356 1317 1413 aliud;
1366 1357 1579 1403 efficiam
1607 1354 1836 1420 profecto

344 1432 403 1473 ut
425 1425 637 1472 fateare.
675 1424 776 1472 Sed
811 1460 822 1472 .
859 1459 872 1473 .
908 1459 922 1474 .

404 1634 688 1673 nequaquam
711 1622 824 1660 istuc
845 1622 953 1660 istac
974 1620 1055 1660 ibit
1073 1635 1084 1668 ς
1117 1633 1283 1673 magna
1303 1621 1416 1660 inest
1435 1621 1630 1662 certatio.

405 1680 580 1769 nambut
601 1688 683 1753 egp
705 1673 767 1714 illi
787 1674 1082 1727 supplicarem
1103 1678 1229 1715 tanta
1250 1673 1644 1727 blandiloquentia,

407 1743 453 1770 m
473 1743 498 1770 o
551 1742 643 1770 rem
673 1751 733 1757 —-

265 1822 319 1862 66
342 1814 528 1861 XXVI.
567 1813 818 1860 Parumne
871 1816 1156 1860 ratiocinari
1217 1814 1417 1860 videtur
1474 1819 1529 1861 et
1579 1813 1673 1860 sibi
1730 1815 1839 1875 ipsa

343 1881 587 1929 nefariam
605 1889 805 1944 pestem
824 1880 1099 1927 machinari
1117 1881 1135 1927 ?
1185 1880 1318 1927 Illud
1342 1897 1459 1927 vero
1489 1897 1640 1944 quam
1660 1879 1839 1927 callida

342 1954 537 1997 ratione
562 1966 572 1996 :

404 2059 481 2111 qui
502 2056 609 2098 volt³
631 2055 750 2109 quod
774 2056 877 2105 volt,
901 2057 961 2097 ita
982 2055 1059 2096 dat
1080 2069 1126 2097 se
1148 2068 1214 2097 res
1235 2059 1284 2097 ut
1305 2069 1485 2108 operam
1506 2054 1689 2096 dabit—

890 2172 907 2197 1
936 2172 1113 2224 supplet
1133 2172 1356 2223 Plasberq.

463 2228 481 2254 ¹
512 2229 556 2268 ni
569 2227 626 2268 ob
650 2241 741 2268 rem
775 2226 969 2268 Vahlenz
1003 2226 1194 2268 niobem.
1311 2226 1329 2251 ³
1362 2225 1453 2267 volt
1473 2239 1567 2268 esse
1587 2227 1690 2268 dett.

406 2379 425 2399 ⁶
456 2374 497 2415 A
525 2372 827 2414 considerable
854 2385 1042 2425 passage
1069 2372 1148 2413 has
1175 2372 1287 2413 been
1315 2371 1412 2420 lost,
1441 2376 1541 2425 part
1567 2373 1619 2414 of
1640 2374 1673 2414 it
1699 2372 1833 2427 being

348 2427 644 2534 {iggcg-dggigkto
659 2427 870 2480 Plasberg
882 2426 956 2468 the
966 2428 1212 2480 fragments
1227 2426 1458 2479 preserved
1471 2427 1533 2480 by
1548 2426 1805 2469 Lactantius
1818 2444 1829 2476 ς

410 2536 425 2560 ⁶
455 2535 596 2576 These
617 2547 760 2576 verses
783 2548 858 2576 are
878 2535 994 2575 from
1016 2533 1091 2575 the
1118 2534 1274 2576 Medea
1295 2534 1347 2575 of
1369 2533 1556 2583 Ennius,
1578 2533 1667 2575 and
1691 2547 1831 2577 corre-

349 2589 492 2643 spond
512 2594 558 2631 to
579 2588 827 2642 Euripides,
853 2587 1008 2630 Medea
1027 2591 1110 2630 365
1132 2588 1179 2632 ff.

353 2658 444 2702 848
