1853 3001
856 246 1106 295 CICERO

243 383 474 439 appetat,
491 376 555 424 ad
570 393 723 440 quam
738 378 958 441 denique
973 394 1081 425 rem
1095 385 1239 426 motu
1253 382 1442 426 mentis
1458 395 1515 426 ac
1529 381 1726 426 ratione

239 451 431 500 utatur,
474 452 730 507 postremo
773 461 872 508 quo
914 446 1064 493 modo
1105 447 1287 493 beatus
1329 449 1395 493 sit
1436 463 1536 510 quo
1577 446 1727 493 modo

241 518 494 558 aeternus.
554 511 806 575 Quicquid
826 516 960 558 enirn
979 512 1157 559 horum
1177 516 1444 577 attigeris,1
1460 513 1598 560 ulcus
1618 521 1726 560 est:

239 581 313 625 ita
345 578 478 625 male
511 582 747 626 instituta
779 583 908 627 ratio
940 584 1134 627 exitum
1165 584 1386 644 reperire
1411 598 1511 627 non
1537 588 1725 643 potest.

137 652 214 694 105
239 645 317 692 Sic
339 649 474 692 enim
494 647 714 703 dicebas,
734 651 954 709 speciem
977 648 1057 695 dei
1083 651 1272 711 percipi
1298 651 1606 712 cogitatione
1626 665 1727 695 non

241 730 408 769 sensu,
457 730 551 760 nec
602 730 710 760 esse
765 718 817 760 in
868 731 928 761 ea
982 714 1135 761 ullam
1185 715 1511 771 soliditatem,
1560 731 1727 778 neque

241 781 457 827 eandem
488 780 552 827 ad
584 798 851 828 numerum
882 799 1199 845 permanere,
1232 800 1447 846 eamque
1479 799 1588 830 esse
1621 786 1727 830 eius

240 851 481 894 visionem
499 855 558 895 ut
574 848 901 896 similitudine
922 857 974 896 et
992 854 1288 897 transitione
1308 857 1543 897 cernatur
1560 866 1727 914 neque

239 915 444 962 deficiat
488 932 730 979 umquam
778 933 840 963 ex
885 917 1093 964 infinitis
1138 919 1426 980 corporibus
1473 917 1728 964 similium²

240 986 474 1038 accessio,
519 999 582 1029 ex
626 1000 788 1046 eoque
833 984 940 1030 fieri
983 992 1041 1031 ut
1081 988 1134 1031 in
1177 984 1302 1031 haec
1342 988 1544 1032 intenta
1583 1001 1729 1032 mens

239 1057 412 1096 nostra
436 1051 643 1097 beatam
669 1051 805 1097 illam
831 1059 1066 1098 naturam
1094 1059 1147 1099 et
1173 1055 1535 1115 sempiternam
1559 1059 1727 1115 putet.

239 1115 532 1164 XXXVIII.
570 1117 680 1164 Hoc
708 1135 800 1181 per
827 1122 959 1181 ipsos
990 1120 1127 1175 deos,
1158 1120 1221 1166 de
1252 1121 1432 1183 quibus
1462 1119 1730 1183 loquimur,

240 1184 389 1247 quale
421 1186 632 1232 tandem
665 1187 783 1232 est?
850 1186 980 1232 Nam
1013 1190 1053 1233 si
1083 1193 1287 1233 tantum
1318 1187 1468 1234 modo
1501 1187 1566 1234 ad
1596 1189 1731 1250 cogi-

240 1255 489 1298 tationem
528 1252 699 1299 valent
736 1269 829 1299 nec
868 1253 1060 1300 habent
1098 1254 1251 1300 ullam
1289 1254 1598 1301 soliditatem
1635 1269 1731 1301 nec

242 1322 589 1375 eminentiam,
621 1321 743 1382 quid
772 1323 987 1367 interest
1018 1328 1188 1368 utrum
1220 1322 1284 1368 de
1316 1321 1730 1384 Hippocentauro

242 1402 307 1432 an
328 1387 392 1433 de
414 1387 510 1434 deo
531 1391 811 1450 cogitemus
835 1389 853 1434 ?
893 1405 1095 1435 omnem
1118 1392 1252 1434 enim
1273 1388 1431 1435 talem
1452 1387 1731 1435 conforma-

241 1456 433 1500 tionem
455 1457 607 1500 animi
628 1458 786 1501 ceteri
801 1454 1081 1518 philosophi
1097 1463 1292 1502 motum
1307 1459 1511 1502 inanem
1531 1462 1730 1512 vocant,

242 1538 326 1567 vos
370 1528 543 1568 autem
586 1523 862 1569 adventum
903 1526 955 1568 in
992 1526 1183 1570 animos
1221 1531 1274 1570 et
1307 1527 1571 1570 introitum
1606 1526 1730 1568 ima-

137 1594 217 1634 106
240 1592 417 1652 ginum
447 1590 625 1636 dicitis.
700 1589 774 1636 Ut
803 1593 976 1653 igitur3
1003 1590 1075 1636 Ti.
1104 1589 1386 1637 Gracchum
1415 1607 1530 1637 cum
1560 1590 1732 1637 videor

241 1659 640 1703 contionantem4
677 1659 729 1702 in
771 1657 1019 1719 Capitolio
1062 1658 1232 1704 videre
1275 1658 1359 1704 de⁵
1400 1657 1474 1704 M.
1518 1657 1730 1705 Octavio

240 1722 559 1770 deferentem
584 1724 800 1770 sitellam
820 1732 930 1771 tum
953 1741 1067 1771 eum
1092 1732 1288 1771 motum
1309 1727 1460 1771 animi
1485 1725 1596 1771 dico
1622 1740 1731 1771 esse

238 1792 460 1847 inanem,
484 1798 542 1837 tu
567 1798 741 1837 aute⁴m
767 1799 820 1838 et
845 1791 1056 1838 Gracchi
1083 1799 1137 1838 et
1161 1791 1361 1838 Octavii
1384 1795 1630 1855 imagines
1653 1807 1732 1837 re-

239 1874 445 1904 manere
471 1875 601 1921 quae
624 1861 676 1904 in
701 1858 1005 1921 Capitolium
1029 1876 1142 1906 cum
1167 1862 1501 1922 pervenerim⁶
1526 1866 1636 1906 tum
1667 1858 1732 1905 ad

241 1928 464 1971 animum
480 1941 649 1971 meum
667 1925 994 1973 referantur⁷z
1017 1926 1254 1974 hocidem
1268 1927 1375 1973 fieri
1390 1930 1442 1972 in
1458 1927 1571 1982 deo,
1588 1929 1729 1972 cuius

239 1993 415 2038 crebra
437 1991 565 2039 facie
589 1993 843 2054 pellantur
867 1997 1038 2049 animi,
1063 2010 1125 2040 ex
1152 2011 1251 2056 quo
1277 2010 1385 2040 esse
1408 1994 1548 2041 beati
1573 2000 1729 2056 atque

132 2064 215 2104 107
242 2063 434 2106 aeterni
458 2059 836 2124 intellegantur.
896 2061 994 2108 Fac
1016 2065 1262 2124 imagines
1286 2077 1395 2108 esse
1418 2062 1599 2124 quibus
1622 2059 1731 2123 pul-

396 2146 412 2170 1
442 2147 640 2198 attigeris
662 2147 764 2187 dett.
785 2163 795 2187 x
834 2148 1028 2198 attigerit
1048 2148 1108 2194 A,
1130 2147 1184 2194 B,
1207 2148 1436 2199 attigeritis
1455 2146 1584 2187 Reid.

619 2200 635 2224 ²
663 2200 870 2241 similium
892 2202 1183 2253 <imag-inum>
1207 2201 1371 2241 Goetlae.

245 2254 262 2278 ³
293 2255 426 2305 igitur
439 2254 536 2294 secl.
558 2253 758 2306 Madviy.
825 2255 841 2279 4
871 2257 1130 2296 contionans
1146 2257 1166 2295 ‚2
1182 2256 1246 2295 ecl.
1308 2256 1325 2279 ⁵
1353 2258 1440 2299 <et>
1455 2253 1511 2294 de
1525 2253 1730 2296 Bouhier.

245 2307 262 2331 ⁸
293 2309 563 2359 pervenerim
581 2309 681 2348 dett.
698 2325 708 2349 ε
725 2311 1001 2361 pervenerint
1014 2310 1075 2355 A,
1092 2309 1144 2349 Β.
1226 2311 1240 2333 ⁷
1271 2308 1524 2349 deferantur
1537 2307 1729 2350 Ernesti.

301 2396 320 2415 ‘³
350 2391 435 2439 i.e.‚
464 2397 725 2443 permanent
750 2392 963 2445 identity:
1000 2395 1033 2434 it
1058 2393 1164 2434 does
1190 2397 1269 2433 not
1293 2394 1501 2433 continue
1528 2406 1611 2433 one
1638 2391 1728 2432 and

247 2445 320 2523 th?
339 2459 535 2551 I'zrrlsheaps
565 2500 638 2540 the
668 2499 799 2540 Latin
831 2500 987 2540 should
1024 2500 1078 2540 be
1107 2499 1270 2540 altered
1305 2504 1351 2541 to
1380 2502 1481 2553 give
1511 2502 1729 2552 ‘imagesz

232 2553 323 2604 just
342 2566 404 2600 as,
427 2553 553 2594 when
574 2553 702 2594 while
722 2553 910 2606 making
938 2568 965 2594 a
993 2553 1151 2605 speech
1182 2555 1227 2594 in
1255 2554 1329 2595 the
1359 2553 1533 2606 Capitol
1562 2553 1583 2594 1
1612 2566 1730 2594 seem

235 2610 282 2647 to
303 2619 373 2647 see
392 2607 592 2648 Tiberius
614 2606 841 2649 Gracchus
861 2607 1148 2660 producing.

246 2675 336 2718 102
