1853 3001
189 691 239 730 51

887 214 1138 263 CICERO

265 344 518 408 aquilonia
556 351 688 392 tuml
729 344 974 392 australis.
1063 345 1143 391 In²
1182 344 1331 392 lunae
1372 361 1574 409 quoque
1613 360 1757 393 cursu

268 420 347 460 est
405 419 458 460 et
515 413 725 459 brumae
791 413 1042 475 quaedam
1100 419 1154 460 et
1212 412 1409 461 solstitii
1469 411 1762 469 similitud0‚

267 479 531 543 multaque
552 481 615 526 ab
637 496 696 526 ea
715 487 925 526 manant
947 487 998 526 et
1019 479 1183 526 fluunt
1202 481 1382 543 quibus
1404 487 1457 527 et
1476 483 1760 527 animantes

269 547 469 594 alantur
499 554 878 610 augescantque
911 555 963 594 et
993 548 1275 609 pubescant
1303 551 1758 611 maturitatemque

269 615 615 677 adsequantur
636 631 768 677 quae
789 618 1019 661 oriuntur
1041 631 1068 661 e
1091 622 1241 661 terra.

330 681 441 728 XX.
482 682 772 728 “Maxume
789 699 907 729 vero
923 689 1041 729 sunt
1059 681 1377 729 admirabiles
1397 689 1565 729 motus
1583 698 1758 728 earum

269 752 491 812 quinque
509 748 768 796 stellarum
789 765 920 812 quae
939 748 1064 795 falso
1085 756 1327 796 vocantur
1344 748 1760 796 errantes—nihil

272 820 406 862 enim
437 824 572 863 errat
603 817 738 880 quod
767 820 819 863 in
849 820 985 863 omni
1016 820 1324 864 aeternitate
1355 823 1618 864 conservat
1647 833 1760 879 pro-

267 900 467 947 gressus
496 891 549 930 et
575 900 832 948 regressus
859 884 1179 947 reliquosque
1206 891 1374 931 motus
1401 887 1678 932 constantis
1707 890 1760 931 et

268 957 419 998 ratos.
490 950 640 1010 Quod
676 967 736 998 eo
775 958 853 998 est
890 951 1230 998 admirabilius
1260 955 1313 998 in
1340 950 1417 999 his
1447 951 1604 999 stellis
1635 967 1760 1014 quas

267 1018 495 1074 dicimus,
518 1021 635 1082 quia
655 1025 768 1065 tum
789 1018 1106 1066 occultantur
1126 1026 1237 1066 tum
1256 1035 1425 1066 rursus
1447 1022 1761 1082 aperiuntur,

268 1092 381 1132 tum
427 1086 619 1133 adeunt
664 1093 776 1132 tum
821 1086 1085 1143 recedunt,
1131 1093 1243 1133 tum
1289 1087 1602 1134 antecedunt
1646 1093 1758 1132 tum

266 1159 442 1200 autem
486 1154 882 1217 subsequuntur,
925 1161 1038 1200 tum
1082 1153 1291 1201 celerius
1335 1161 1603 1201 moventur
1646 1161 1757 1200 tum

265 1220 458 1267 tardius
506 1228 617 1268 tum
664 1224 868 1267 omnino
909 1237 974 1268 ne
1010 1228 1279 1268 moventur
1314 1222 1520 1285 quidem
1556 1221 1647 1268 sed
1693 1221 1758 1268 ad

267 1287 523 1350 quoddam
557 1295 760 1351 tempus
794 1291 1049 1336 insistunt.
1118 1288 1346 1348 Quarum
1379 1305 1443 1336 ex
1477 1289 1758 1352 disparibus

265 1356 571 1402 motionibus
620 1373 862 1419 magnum
911 1373 1099 1403 annum
1146 1355 1496 1403 mathematici
1531 1359 1757 1403 nomina-

266 1429 465 1478 verunt,
514 1425 600 1486 qui
648 1430 759 1470 tum
807 1423 1020 1470 efficitur
1067 1440 1182 1470 cum
1229 1423 1343 1471 solis
1393 1430 1447 1471 et
1493 1423 1642 1470 lunae
1702 1430 1756 1471 et

266 1492 490 1553 quinque
535 1493 812 1537 errantium
857 1491 922 1538 ad
966 1491 1182 1538 eandem
1225 1494 1359 1538 inter
1400 1507 1456 1539 se
1499 1507 1757 1554 compara-

265 1560 458 1604 tionem
486 1556 727 1604 confectis
757 1561 981 1605 omnium
1008 1562 1182 1621 spatiis
1212 1566 1291 1605 est
1317 1557 1454 1605 facta
1480 1561 1752 1606 conversio.

188 1632 242 1671 62
267 1623 413 1683 Quae
445 1641 599 1688 quam
624 1624 776 1689 longa
806 1629 872 1672 sit
896 1642 1083 1689 magna
1114 1629 1345 1689 quaestio
1372 1633 1468 1683 est,
1494 1642 1604 1673 esse
1635 1642 1754 1673 vero

265 1698 458 1739 certam
506 1699 559 1739 et
607 1693 870 1739 definitam
918 1709 1123 1740 necesse
1172 1700 1266 1740 est.
1335 1693 1467 1740 Nam
1514 1709 1576 1740 ea
1622 1709 1754 1756 quae

265 1757 468 1806 Saturni
488 1759 636 1806 stella
656 1761 838 1807 dicitur
863 1759 1151 1823 ‘baiiquue
1173 1777 1201 1807 a
1223 1760 1428 1808 Graecis
1448 1764 1755 1818 nominatur,

265 1842 397 1888 quae
444 1843 473 1872 a
518 1833 656 1874 terra
702 1828 849 1874 abest
894 1827 1182 1890 plurimum,
1218 1831 1432 1891 triginta
1467 1827 1574 1875 fere
1611 1831 1753 1875 annis

264 1910 463 1940 cursum
488 1911 635 1941 suum
660 1894 877 1950 conficit,
901 1898 953 1941 in
978 1912 1077 1958 quo
1103 1912 1249 1942 cursu
1273 1895 1435 1943 multa
1457 1895 1755 1942 mirabiliter

263 1961 481 2008 efficiens
534 1969 645 2008 tum
698 1962 1050 2009 antecedendo
1102 1969 1214 2010 tum
1265 1963 1590 2019 retardando,
1641 1970 1751 2010 tum

264 2032 562 2091 vespertinis
606 2030 918 2092 temporibus
962 2029 1293 2077 delitiscendo
1335 2036 1447 2077 tum
1487 2033 1752 2077 matutinis

262 2111 459 2143 rursum
515 2112 569 2143 se
628 2097 919 2160 aperiendo,
976 2096 1099 2143 nihil
1154 2100 1377 2145 inmutat
1432 2100 1751 2161 sempiternis

736 2216 753 2241 ²
783 2219 878 2256 tum
901 2216 984 2257 det.
1005 2233 1014 2257 ε
1047 2220 1124 2256 aut
1145 2217 1205 2264 A,
1226 2216 1279 2258 Β.

583 2269 601 2294 ¹
629 2268 777 2313 <inde>
798 2270 865 2310 vel
886 2278 1037 2314 <nam>
1058 2271 1124 2310 vel
1145 2271 1252 2314 <ita>
1272 2272 1317 2311 in
1338 2271 1435 2312 edd.

333 2400 352 2419 ⁰
383 2395 578 2447 Perhaps
599 2396 711 2436 from
735 2396 982 2436 Aristotle's
1002 2396 1087 2436 lost
1104 2396 1170 2436 De
1189 2397 1488 2449 Philosophia,
1504 2411 1577 2439 see
1591 2400 1619 2440 i,
1635 2402 1691 2440 33
1703 2413 1749 2443 n.

265 2448 360 2489 The
384 2449 557 2489 Cosmic
581 2449 701 2490 Year
730 2451 764 2490 is
788 2450 1030 2490 attributed
1059 2455 1103 2490 to
1127 2450 1201 2491 the
1229 2450 1564 2504 Pythagoreans
1587 2453 1677 2494 and
1701 2458 1750 2496 to

268 2501 543 2544 Heraclitus:
577 2503 716 2550 Plato,
741 2503 941 2543 Timaeus
962 2507 1031 2551 39,
1053 2506 1175 2556 gives
1195 2506 1229 2545 it
1247 2517 1296 2545 as
1320 2508 1473 2553 10,000
1492 2520 1633 2558 years.

333 2555 350 2581 ⁶
384 2556 635 2598 Herschel's
649 2557 824 2610 figures,
835 2559 966 2610 given
981 2558 1042 2610 by
1058 2559 1235 2611 Mayor,
1243 2571 1318 2600 are
1333 2559 1561 2614 (omitting
1573 2560 1748 2616 hours)⁸

274 2623 365 2671 172
