1853 3001
901 241 1152 290 CICERO

180 377 257 417 102
281 373 499 419 omniuo.
578 370 589 389 ⁸
614 370 750 418 Nihil
774 371 932 420 habet
955 372 966 388 '
991 376 1176 437 inquit²
1203 372 1213 390 ‘
1237 372 1465 438 negotii.’
1541 372 1774 422 Profecto

285 448 532 512 Epicurus
560 452 703 513 quasi
731 452 876 512 pueri
904 449 1107 497 delicati
1136 449 1259 497 nihil
1286 453 1566 499 cessatione
1593 450 1773 498 melius

287 529 560 573 existimat.
613 526 834 573 XXXVI
843 527 879 574 Ι.
919 528 991 574 At
1013 531 1104 591 ipsi
1124 535 1299 575 tamen
1318 531 1463 592 pueri
1483 531 1638 575 etiam
1658 545 1773 576 cum

286 611 487 651 cessant
540 608 903 651 exercitatione
958 605 1125 669 aliqua
1176 605 1366 653 ludicra
1419 605 1739 653 delectantur
1760 621 1773 654 ε

287 681 441 728 deum
472 684 540 729 sic
572 681 810 729 feriatum
842 682 1068 730 volumus
1101 687 1380 731 cessatione
1411 690 1614 746 torpere
1645 690 1704 731 ut
1733 685 1774 731 si

287 775 340 805 se
366 763 693 807 commoverit
717 776 981 807 vereamur
1005 777 1070 807 ne
1094 762 1275 808 beatus
1309 777 1418 808 esse
1447 778 1548 808 non
1575 763 1734 824 possit
1756 760 1775 807 ?

288 835 430 883 Haec
459 840 619 884 oratio
649 854 750 884 non
778 839 928 885 modo
959 838 1079 885 deos
1109 838 1291 901 spoliat
1319 845 1462 886 motu
1493 845 1546 885 et
1577 841 1775 885 actione

286 913 474 960 divina²
508 915 599 962 sed
632 918 787 961 etiam
820 914 1049 962 homines
1082 919 1256 962 inertis
1291 916 1459 972 efficit,
1491 918 1531 963 si
1568 916 1773 980 quidem

286 1007 441 1054 agens
466 991 655 1055 aliquid
678 1009 742 1039 ne
766 993 889 1040 deus
915 993 1120 1056 quidem
1144 1009 1252 1040 esse
1276 994 1457 1039 beatus
1480 1000 1666 1056 potest.

181 1073 259 1114 103
348 1067 376 1084 “
400 1068 589 1115 Verum
616 1072 681 1116 sit
706 1078 827 1116 sane
854 1077 912 1116 ut
938 1069 1086 1116 vultis
1113 1070 1237 1117 deus
1264 1070 1453 1134 effigies
1479 1069 1692 1117 hominis
1721 1075 1774 1117 et

283 1148 486 1210 imago:
540 1147 676 1210 quod
711 1149 817 1194 eius
853 1154 931 1194 est
966 1147 1287 1204 domicilium,
1323 1164 1453 1211 quae
1488 1148 1652 1204 sedes,
1687 1149 1773 1210 qui

285 1221 438 1280 locus,
458 1240 588 1287 quae
609 1225 793 1271 deinde
820 1227 950 1272 actio
976 1228 1109 1271 vitae
1133 1225 1151 1272 ?
1190 1226 1370 1289 quibus
1389 1225 1539 1272 rebus
1563 1225 1615 1272 id
1639 1224 1775 1288 quod

285 1300 433 1348 vultis
458 1302 640 1348 beatus
667 1309 745 1349 est
767 1303 785 1348 ?
822 1302 1014 1349 Utatur
1041 1305 1175 1349 enim
1200 1306 1300 1350 suis
1325 1303 1467 1349 bonis
1492 1309 1694 1365 oportet
1719 1308 1773 1349 et

284 1377 481 1426 fruatur
517 1382 603 1443 qui
638 1380 820 1427 beatus
849 1378 1049 1427 futurus
1081 1387 1173 1427 est.
1238 1380 1369 1426 Nam
1402 1379 1536 1426 locus
1567 1379 1773 1443 quidem

283 1458 342 1502 iis
363 1459 518 1503 etiam
537 1460 729 1503 naturis
749 1473 880 1521 quae
899 1460 1005 1504 sine
1026 1460 1202 1504 animis
1222 1464 1338 1504 sunt
1359 1474 1475 1504 suus
1496 1464 1574 1504 est
1591 1459 1773 1520 cuique

283 1536 529 1596 proprius,
549 1541 607 1581 ut
625 1541 761 1581 terra
780 1535 1008 1581 infimum
1027 1542 1223 1591 teneat,
1241 1533 1370 1581 hanc
1389 1535 1603 1581 inundet
1623 1550 1773 1597 aqua,

283 1614 509 1673 superior
525 1614 646 1668 aeri,
663 1611 920 1658 aetheriis³
938 1613 1137 1675 ignibus
1155 1611 1395 1659 altissima
1412 1628 1498 1658 ora
1513 1611 1772 1659 reddatur.

283 1685 565 1735 Bestiarum
583 1696 756 1736 autern
770 1696 1004 1736 terrenae
1019 1696 1137 1736 sunt
1151 1688 1296 1745 aliae,
1308 1691 1493 1752 partim
1509 1687 1773 1752 aquatiles,

287 1763 414 1812 aliae
442 1769 584 1829 quasi
611 1769 855 1829 ancipites
881 1770 933 1813 in
958 1765 1174 1830 utraque
1200 1767 1321 1814 sede
1349 1769 1574 1813 viventes
1597 1781 1609 1822 3
1653 1772 1773 1813 sunt

283 1842 535 1905 quaedam
561 1846 717 1890 etiam
742 1860 872 1907 quae
896 1847 1014 1908 igne
1039 1847 1174 1891 nasci
1197 1851 1444 1907 putentur
1468 1850 1771 1906 appareant-

181 1923 261 1965 104
286 1936 384 1982 que
399 1923 450 1967 in
465 1921 759 1968 ardentibus
773 1920 1057 1968 fornacibus
1071 1937 1223 1984 saepe
1237 1920 1521 1968 volitantes.
1569 1919 1772 1979 Quaero

281 1999 438 2060 igitur
467 2005 634 2045 vester
663 1999 787 2045 deus
815 2002 1035 2062 primum
1065 1999 1150 2046 ubi
1179 1997 1396 2054 habitet,
1425 1998 1609 2045 deinde
1639 2013 1770 2061 quae

282 2090 433 2122 causa
460 2091 577 2123 eum
603 2075 709 2123 loco
737 2083 956 2132 moveat,
983 2079 1023 2123 si
1048 2076 1198 2124 modo
1224 2083 1457 2122 movetur
1483 2074 1770 2138 aliquando,

282 2157 466 2214 porro,⁴
494 2169 608 2200 cum
636 2152 730 2200 hoc
755 2156 1013 2216 proprium
1040 2156 1106 2200 sit
1134 2155 1466 2199 animantium
1494 2159 1552 2199 ut
1579 2151 1768 2216 aliquid

282 2229 530 2292 adpetant
551 2230 687 2294 quod
707 2233 773 2278 sit
793 2238 1005 2277 naturae
1028 2230 1479 2285 accommodatum,
1500 2229 1625 2277 deus
1646 2229 1768 2293 quid

338 2335 355 2361 ²
385 2337 564 2389 inquis?
584 2335 658 2389 (cs.
682 2341 701 2384 ἓ
725 2337 822 2386 109)
844 2337 908 2378 ed.
1106 2336 1122 2362 ²
1151 2336 1301 2377 divina
1321 2335 1699 2384 sechReinhardt.

339 2389 356 2415 ³
387 2392 584 2442 superior
602 2393 707 2439 aeri,
728 2391 929 2432 aetheriis
958 2391 1154 2431 Milllerz
1185 2392 1331 2442 superi
1351 2389 1516 2430 aetheri
1543 2389 1597 2436 B,
1619 2390 1767 2442 superi

282 2443 431 2485 aether
451 2446 511 2486 A.
1060 2446 1075 2469 ⁴
1107 2458 1236 2497 porro
1258 2443 1494 2497 Heindorf:
1530 2447 1766 2496 postremo.

348 2553 368 2573 ⁶
395 2550 502 2590 This
524 2552 558 2591 is
581 2550 722 2591 stated
753 2551 813 2603 by
835 2549 1058 2598 Aristotle‚
1086 2549 1190 2590 Gen.
1211 2549 1304 2591 A‘n.
1325 2550 1386 2591 iii.
1406 2552 1449 2598 9,
1469 2548 1587 2590 Hist.
1610 2547 1700 2590 An.
1722 2560 1765 2590 V.

296 2605 361 2650 19,
383 2604 471 2644 and
494 2604 638 2656 Pliny,
658 2605 781 2645 N.H.
803 2606 859 2645 xi.
882 2607 949 2645 42.

296 2671 389 2714 100
