1919 3006
941 203 1193 251 CICERO

321 337 376 379 et
396 334 523 378 mari
543 334 868 379 continuatus
890 339 944 380 et
963 335 1164 380 iunctus
1188 339 1266 380 est
1288 338 1342 380 et
1362 339 1546 380 natura
1565 331 1728 380 fertur
1748 332 1813 380 ad

319 418 533 475 caelum,
557 422 695 466 cuius
719 423 976 467 tenuitate
1001 427 1055 468 et
1078 420 1241 468 calore
1265 427 1582 483 temperatus
1606 419 1812 468 vitalem

321 514 375 554 et
405 507 679 554 salutarem
710 511 943 571 spiritum
972 509 1189 572 praebet
1220 510 1575 556 animantibus.
1645 507 1812 568 Quem

319 595 585 659 complexa
606 613 804 643 summa
824 613 940 660 pars
963 596 1106 653 caeli,
1130 613 1261 661 quae
1285 596 1514 644 aetheria
1535 597 1736 653 dicitur,
1759 603 1814 644 et

319 700 466 731 suum
501 687 692 732 retinet
729 686 960 732 ardorem
993 692 1204 732 tenuem
1235 692 1289 733 et
1325 685 1463 733 nulla
1499 685 1812 733 admixtione

318 779 609 820 concretum
656 780 711 820 et
755 790 870 821 cum
918 776 1048 821 aeris
1096 777 1425 821 extremitate
1472 777 1810 838 coniungitur.

317 860 500 908 XLVI.
538 861 598 908 In
635 860 845 909 aethere
882 869 1057 910 autem
1094 869 1231 910 astra
1271 862 1558 920 volvuntur,
1589 878 1721 926 quae
1757 877 1811 908 se

318 955 373 997 et
420 952 533 997 nisu
582 966 672 997 suo
722 949 1026 1015 conglobata
1075 954 1341 999 continent
1390 957 1445 999 et
1492 949 1656 998 forma
1703 953 1813 1014 ipsa

319 1037 582 1102 figuraque
638 1055 730 1086 sua
783 1047 1045 1086 momenta
1100 1046 1427 1096 sustentant3
1500 1046 1620 1087 sunt
1676 1041 1812 1085 enim

315 1127 551 1184 rotunda,
606 1128 788 1190 quibus
842 1126 1032 1185 formis,
1087 1135 1146 1175 ut
1201 1135 1321 1175 ante
1376 1129 1565 1176 dixisse
1618 1127 1811 1184 videor,

213 1221 292 1261 118
315 1218 523 1262 minime
562 1219 731 1262 noceri
769 1223 956 1279 potest.
1026 1215 1156 1264 Sunt
1195 1223 1369 1264 autem
1408 1216 1587 1264 stellae
1626 1223 1811 1263 natura

315 1303 599 1360 flammeae,
625 1307 857 1368 quocirca
881 1312 1048 1352 terrae
1073 1308 1224 1352 maris
1250 1310 1517 1369 aquarum1
1542 1305 1809 1368 vaporibus

314 1391 518 1439 aluntur
548 1395 606 1440 iis
640 1396 727 1456 qui
759 1409 790 1440 a
820 1392 925 1440 sole
958 1409 1022 1440 ex
1047 1396 1179 1458 agris
1203 1392 1472 1456 tepefactis
1498 1400 1553 1440 et
1577 1409 1641 1440 ex
1665 1395 1807 1456 aquis

317 1483 638 1537 excitantur;
673 1482 854 1545 quibus
880 1481 1014 1529 altae
1038 1489 1416 1546 renovataeque
1440 1480 1618 1529 stellae
1651 1488 1808 1545 atque

313 1572 473 1616 omnis
511 1568 689 1616 aether
723 1568 1003 1618 refundunt
1040 1571 1220 1618 eadem
1264 1577 1317 1618 et
1357 1587 1554 1617 rursum
1596 1568 1808 1618 trahunt

311 1657 555 1714 indidem,
572 1657 695 1704 nihil
715 1665 773 1706 ut
788 1658 895 1706 fere
911 1662 1133 1706 intereat
1150 1666 1240 1706 aut
1256 1659 1530 1706 admodum
1544 1657 1806 1722 paululum

311 1746 448 1809 quod
489 1753 738 1794 astrorum
774 1750 905 1812 ignis
943 1755 997 1795 et
1039 1746 1259 1794 aetheris
1296 1747 1501 1794 flamma
1535 1749 1802 1794 consumit.

312 1834 390 1881 Ex
408 1851 507 1898 quo
525 1842 826 1882 eventurum
845 1839 1002 1883 nostri
1021 1843 1208 1899 putant
1225 1837 1278 1883 id
1297 1836 1361 1884 de
1381 1852 1481 1900 quo
1501 1834 1804 1882 Panaetium

311 1896 612 1970 addubitare
637 1924 893 1980 dicebant,
917 1931 976 1972 ut
1000 1925 1065 1972 ad
1090 1932 1377 1971 extremum
1401 1927 1561 1972 omnis
1584 1923 1802 1971 mundus

308 2014 611 2075 ignesceret,
649 2029 766 2060 cum
804 2029 979 2060 umore
1017 2019 1317 2076 consumpto
1355 2028 1523 2077 neque
1561 2018 1699 2060 terra
1737 2011 1802 2058 ali

307 2106 480 2162 posset
525 2116 618 2147 nec
663 2108 919 2149 remearet
963 2106 1070 2158 aer,
1116 2104 1255 2148 cuius
1302 2107 1440 2148 ortus
1488 2117 1621 2164 aqua
1665 2101 1801 2147 omni

309 2186 558 2235 exhausta
583 2205 692 2236 esse
717 2206 818 2236 non
841 2196 1014 2253 posset
1036 2204 1049 2246 3
1097 2192 1171 2237 ita
1198 2188 1410 2253 relinqui
1442 2187 1565 2235 nihil
1593 2195 1800 2252 praeter

306 2278 496 2340 ignem,
540 2293 570 2324 a
613 2293 713 2341 quo
754 2295 952 2325 rursum
996 2280 1254 2325 animante
1298 2294 1356 2324 ac
1398 2277 1496 2325 deo
1536 2279 1797 2325 renovatio

501 2404 518 2429 ²
547 2417 857 2458 aquarumque
878 2405 1147 2458 reliquarum
1168 2405 1352 2454 Probus,
1374 2405 1597 2457 Plasbery.

951 2567 972 2589 ⁸
1001 2563 1085 2605 See
1104 2566 1124 2611 ξ
1143 2565 1213 2605 47.

313 2632 409 2676 284
