1919 3006
197 1242 272 1281 117

920 176 1171 225 CICERO

303 304 512 352 fitentur
551 321 652 352 non
691 305 998 369 persuadere
1040 306 1131 353 sed
1170 322 1370 370 cogere,
1411 313 1465 354 et
1505 310 1588 370 qui
1630 310 1795 355 omnia

302 384 440 430 vobis
493 399 624 446 quae
678 383 970 430 describunt
1021 384 1254 446 probant.
1324 383 1439 431 Non
1491 401 1679 448 quaero
1732 402 1794 433 ex

300 459 375 507 his
407 459 491 506 illa
518 463 664 507 initia
694 459 1173 508 mathematicorum
1205 462 1386 524 quibus
1418 479 1519 509 non
1550 465 1795 511 concessis

303 538 520 601 digitum
556 539 793 602 progredi
831 555 932 586 non
967 546 1196 602 possunt,
1232 546 1479 602 punctum
1517 557 1625 588 esse
1663 541 1797 605 quod

302 616 710 679 magnitudinem
733 615 923 662 nullam
944 615 1153 672 habeat,
1173 620 1558 664 extremitatem
1581 625 1636 665 et
1657 620 1797 682 quasi

303 693 662 740 libramentum
709 697 761 740 in
810 711 909 757 quo
957 694 1094 741 nulla
1142 698 1345 742 omnino
1392 696 1671 743 crassitudo
1719 699 1800 752 sit,

300 770 666 818 lineamentum
701 774 807 818 sine
845 771 947 818 ulla
981 771 1291 819 latitudine.1
1359 773 1502 819 Haec
1535 790 1650 819 cum
1682 789 1801 819 vera

302 864 410 895 esse
442 865 752 904 concessero,
785 852 824 895 si
857 849 1060 912 adigam
1090 853 1166 895 ius
1197 850 1466 897 iurandum
1498 853 1800 913 sapientem,

299 942 393 972 nec
422 929 559 989 prius
591 943 743 989 quam
775 926 1105 974 Archimedes
1138 943 1198 973 eo
1227 930 1549 990 inspectante
1578 931 1800 975 rationes

300 1020 473 1050 omnes
496 1004 817 1067 descripserit
840 1021 923 1051 eas
946 1006 1127 1067 quibus
1149 1005 1361 1051 efficitur
1379 1004 1552 1052 multis
1572 1006 1801 1068 partibus

300 1080 456 1127 solem
481 1085 724 1128 maiorem
752 1098 861 1129 esse
888 1099 1041 1145 quam
1067 1089 1275 1138 terram,
1299 1085 1583 1130 iuraturum
1607 1089 1758 1146 putas
1782 1083 1801 1129 ?

300 1157 350 1204 Si
378 1157 575 1215 fecerit,
603 1159 761 1206 solem
787 1163 953 1222 ipsum
982 1176 1135 1222 quem
1164 1160 1317 1207 deum
1345 1167 1521 1207 censet
1549 1176 1658 1207 esse
1686 1177 1802 1208 con-

300 1240 582 1298 tempserit.
653 1236 846 1295 Quodsi
889 1240 1211 1301 geometricis
1255 1238 1534 1284 rationibus
1578 1254 1680 1284 non
1724 1244 1802 1284 est

300 1315 600 1370 crediturus,
625 1331 756 1378 quae
782 1318 882 1361 vim
908 1314 1147 1362 adferunt
1170 1319 1222 1361 in
1247 1316 1493 1372 docendo,
1517 1332 1603 1362 vos
1626 1318 1721 1378 ipsi
1745 1322 1803 1362 ut

300 1391 481 1447 dicitis,
500 1408 565 1438 ne
584 1392 667 1439 ille
687 1392 838 1457 longe
860 1394 1023 1440 aberit
1042 1400 1101 1440 ut
1121 1397 1434 1456 argumentis
1452 1393 1628 1441 credat
1645 1392 1802 1457 philo-

300 1468 570 1532 sophorum
591 1486 602 1526 ;
627 1478 717 1517 aut
736 1474 774 1517 si
797 1478 875 1517 est
894 1471 1193 1526 crediturus,
1215 1488 1428 1534 quorum
1446 1471 1802 1534 potissimum?

299 1549 487 1593 omnia²
517 1550 652 1594 enim
679 1547 1003 1612 physicorum
1029 1547 1150 1595 licet
1178 1548 1449 1611 explicare,
1476 1548 1567 1596 sed
1593 1547 1801 1612 longum

301 1632 414 1680 est3
462 1642 649 1688 quaero
679 1633 855 1672 tamen
882 1642 1036 1689 quem
1064 1633 1322 1689 sequatur.
1392 1626 1551 1690 Finge
1581 1625 1801 1690 aliquem

299 1718 432 1748 nunc
470 1703 576 1749 fieri
613 1707 917 1766 sapientem,
953 1704 1178 1751 nondum
1216 1719 1361 1760 esse3
1416 1720 1569 1768 quam
1604 1706 1801 1767 potissi-

297 1796 438 1826 mum
470 1784 781 1827 sententiam
815 1780 972 1845 eliget
1004 1788 1059 1828 et
1090 1781 1447 1844 disciplinam?
1499 1784 1596 1828 etsi
1627 1798 1801 1844 quam-

299 1873 516 1921 cumque
568 1857 741 1922 ehget,
791 1862 1030 1921 insipiens
1082 1858 1239 1923 eliget
1263 1874 1275 1915 ;
1343 1859 1434 1906 sed
1482 1861 1549 1906 sit
1596 1860 1800 1922 ingenio

300 1935 485 1990 divino,
513 1952 666 1998 quem
696 1953 853 1982 unum
881 1952 909 1983 e
935 1936 1154 2000 physicis
1181 1939 1499 1999 potissimum
1524 1935 1798 1999 probabit?

299 2028 392 2058 nec
433 2012 545 2075 plus
587 2030 686 2060 uno
726 2017 932 2076 poterit.
1003 2013 1118 2061 Non
1158 2030 1434 2077 persequor
1475 2016 1798 2077 quaestiones

298 2090 519 2137 infinitas
544 2106 555 2145 ;
596 2098 800 2138 tantum
823 2092 886 2138 de
908 2094 1162 2154 principiis
1184 2108 1353 2138 rerum
1377 2107 1405 2138 e
1427 2091 1608 2155 quibus
1631 2093 1798 2138 omnia

493 2208 509 2233 ²
539 2208 773 2250 latitudine
793 2208 910 2249 Reid
928 2226 938 2249 :
974 2208 1208 2249 latitudine
1229 2212 1452 2249 carentem
1473 2209 1596 2250 codd.

839 2263 856 2287 ²
885 2265 1057 2303 somnia
1071 2266 1091 2304 ‚9
1103 2263 1233 2304 Reid.

356 2377 375 2396 ⁰
402 2371 746 2420 Libramentum,
795 2372 805 2389 ⁴
821 2372 1063 2420 evenness,'
1117 2371 1296 2424 applied
1345 2371 1576 2425 primarily
1625 2373 1671 2412 to
1717 2370 1792 2412 the

302 2424 439 2467 scales
460 2427 511 2467 of
525 2441 553 2468 a
572 2425 783 2473 balance;
815 2428 942 2478 quasi
967 2425 1118 2466 marks
1147 2428 1179 2466 it
1206 2439 1254 2467 as
1281 2425 1383 2467 here
1410 2425 1520 2466 used
1545 2429 1592 2466 to
1615 2424 1791 2478 explain

300 2481 627 2529 extremitatem,
667 2480 812 2521 which
851 2483 886 2521 is
925 2494 952 2521 a
988 2479 1251 2521 translation
1290 2481 1342 2520 of
1382 2483 1504 2531 πέρας
1544 2480 1630 2532 (i.e.
1671 2483 1792 2529 πέρας

300 2537 497 2583 σώματος,
518 2535 594 2576 the
613 2535 851 2587 boundary
871 2535 922 2575 of
937 2548 965 2576 a
983 2534 1110 2583 solid,
1131 2536 1214 2575 viz.
1235 2547 1262 2574 a
1281 2533 1471 2582 surface,
1490 2533 1740 2586 ἐπιφάνεια).

297 2597 393 2646 616
