1853 3001
937 207 1189 255 CICERO

317 355 410 385 nec
434 337 594 385 solum
619 337 740 384 nihil
766 344 844 384 est
868 338 958 384 sed
982 354 1046 384 ne
1071 341 1282 402 cogitari
1307 338 1513 402 quidem
1538 340 1806 402 quicquam

316 420 495 467 melius
530 426 717 482 potest.
787 419 855 465 Et
890 422 931 466 si
965 422 1161 466 ratione
1199 427 1252 467 et
1287 423 1538 482 sapientia
1571 419 1694 466 nihil
1729 426 1808 467 est

316 501 511 556 melius,
536 517 742 548 necesse
770 507 847 547 est
875 499 1001 547 haec
1029 504 1194 548 inesse
1222 503 1275 547 in
1305 517 1364 548 eo
1395 501 1531 565 quod
1559 505 1807 564 optimum

243 591 293 630 19
318 600 426 630 esse
444 583 778 630 concedimus.
841 582 979 641 Quid
996 590 1289 639 vero,tanta
1304 599 1474 629 rerum
1489 586 1808 630 consentiens

318 668 606 728 conspirans
641 668 938 711 continuata
972 667 1207 728 cognatio
1243 681 1396 728 quem
1429 681 1531 712 non
1563 672 1714 729 coget
1748 681 1810 711 ea

319 763 449 810 quae
495 747 731 794 dicuntur
776 763 805 792 a
848 763 931 792 me
976 747 1328 809 conprobare?
1401 745 1645 794 Possetne
1690 750 1810 793 uno²

318 836 549 891 tempore
583 827 779 884 florere,
805 828 924 875 dein
948 831 1161 874 vicissim
1195 827 1397 875 horrere
1430 835 1584 884 terra,
1610 835 1700 875 aut
1732 834 1812 874 tot

318 911 468 957 rebus
486 913 605 972 ipsis
624 926 677 956 se
695 910 1066 956 inmutantibus
1085 909 1199 956 solis
1220 926 1446 956 accessus
1465 910 1812 973 discessusque

319 991 543 1039 solstitiis
588 992 880 1054 brumisque
926 995 1175 1055 cognosci,
1222 999 1311 1038 aut
1357 998 1527 1038 aestus
1571 993 1812 1038 maritimi

318 1072 668 1137 fretorumque
710 1076 977 1137 angustiae
1019 1080 1133 1120 ortu
1175 1080 1264 1119 aut
1305 1074 1448 1120 obitu
1489 1072 1640 1120 lunae
1680 1089 1814 1120 com-

320 1158 527 1211 moveri,
582 1161 672 1202 aut
724 1172 825 1201 una
877 1158 1034 1201 totius
1088 1154 1213 1201 caeli
1266 1158 1590 1202 conversione
1641 1170 1813 1202 cursus

320 1244 568 1284 astrorum
599 1237 823 1299 dispares
854 1239 1136 1283 conservari
1160 1237 1177 1282 ?
1246 1236 1388 1283 Haec
1417 1239 1491 1283 ita
1520 1236 1628 1283 fieri
1657 1239 1815 1283 omni-

317 1320 411 1366 bus
443 1322 577 1365 inter
611 1334 664 1365 se
699 1319 1081 1365 concinentibus
1116 1318 1292 1365 mundi
1324 1318 1553 1381 partibus
1585 1315 1815 1381 profecto

318 1418 419 1448 non
446 1407 655 1463 possent
683 1402 778 1446 nisi
808 1415 870 1446 ea
897 1416 998 1446 uno
1028 1400 1196 1447 divino
1226 1406 1281 1447 et
1309 1403 1606 1447 continuato
1635 1402 1815 1462 spiritu

319 1485 715 1529 continerentur.

240 1571 295 1610 20
382 1562 609 1626 “Atque
643 1562 769 1609 haec
803 1579 918 1609 cum
953 1563 1156 1609 uberius
1191 1563 1516 1625 disputantur
1551 1569 1605 1609 et
1638 1560 1814 1619 fusius,

317 1651 376 1692 ut
398 1643 520 1691 mihi
558 1651 636 1691 est
670 1647 722 1690 in
759 1647 925 1691 animo
961 1642 1146 1700 facere,
1178 1643 1371 1691 facilius
1409 1643 1657 1708 effugiunt
1685 1644 1815 1690 Aca-

320 1727 628 1774 demicorum
649 1725 951 1772 calumniam
965 1741 977 1782 ;
1007 1743 1122 1772 cum
1148 1733 1339 1781 autem,
1359 1732 1417 1772 ut
1441 1725 1576 1772 Zeno
1600 1724 1814 1781 solebat,

318 1809 518 1855 brevius
565 1810 931 1871 angustiusque
976 1807 1360 1864 concluduntur,
1404 1814 1517 1854 tum
1561 1809 1814 1870 apertiora

318 1896 437 1937 sunt
458 1889 523 1936 ad
542 1889 966 1952 reprendendum.
1037 1889 1169 1935 Nam
1190 1896 1248 1936 ut
1266 1888 1520 1952 profluens
1543 1891 1702 1935 amnis
1725 1894 1814 1934 aut

320 1974 402 2017 vix
460 1977 550 2017 aut
603 1970 739 2017 nullo
784 1971 952 2026 modo,
997 1969 1230 2017 conclusa
1275 1977 1447 2017 autem
1493 1986 1625 2033 aqua
1667 1968 1813 2015 facile

318 2055 681 2114 conrumpitur,
699 2054 768 2098 sic
786 2055 1023 2098 orationis
1042 2051 1248 2098 flumine
1266 2054 1573 2114 reprensoris
1592 2053 1814 2097 convicia

321 2133 598 2189 diluuntur,
646 2136 881 2197 angustia
928 2140 1102 2180 autem
1148 2132 1412 2180 conclusae
1458 2135 1666 2178 rationis
1712 2148 1813 2178 non

320 2214 466 2261 facile
492 2231 546 2261 se
571 2218 680 2277 ipsa
705 2221 920 2261 tutatur.
990 2214 1133 2261 Haec
1160 2217 1295 2261 enim
1321 2229 1452 2277 quae
1479 2212 1759 2260 dilatantur
1783 2228 1814 2259 a

245 2303 295 2342 21
322 2297 464 2342 nobis
523 2296 659 2343 Zeno
712 2299 781 2342 sic
826 2296 1129 2358 premebat:
1193 2295 1336 2341 VIII.
1388 2294 1398 2310 ‘
1423 2293 1573 2352 Quod
1616 2296 1812 2340 ratione

323 2380 482 2424 utitur
517 2377 568 2424 id
588 2376 766 2423 melius
788 2384 865 2423 est
885 2393 1038 2440 quam
1057 2377 1109 2423 id
1129 2376 1264 2440 quod
1282 2378 1478 2422 ratione
1497 2391 1598 2422 non
1618 2378 1778 2422 utitur
1799 2389 1814 2432 ;

582 2515 602 2543 ²
631 2529 720 2556 uno
738 2533 749 2557 ε
788 2529 921 2556 verno
942 2514 1147 2563 Bouhier,
1168 2528 1248 2556 suo
1268 2514 1554 2557 Reizenstei‘n.

336 2636 428 2679 142
