1853 3001
872 247 1122 294 CICERO

251 379 549 435 fortuitum3
585 378 706 426 ordo
741 384 915 425 autem
939 377 1160 425 siderum
1193 384 1247 425 et
1278 379 1331 424 in
1363 380 1500 424 omni
1524 381 1740 426 aeterni·

253 468 362 509 tate
399 463 684 507 constantia
719 475 887 522 neque
923 465 1158 506 naturam
1195 458 1445 523 significat
1472 459 1573 522 (est
1606 463 1741 506 enim

254 543 405 606 plena
436 541 661 604 rationis)
687 557 855 604 neque
881 539 1137 587 fortunam
1163 557 1293 604 quae
1321 543 1481 587 amica
1505 543 1740 588 varietati

254 627 591 671 constantiam
641 625 867 685 respuit3
927 625 1155 685 sequitur
1208 638 1328 686 ergo
1382 629 1440 669 ut
1492 626 1601 684 ipsa
1651 639 1742 670 sua

178 715 228 753 44
255 713 436 768 sponte
461 722 551 751 suo
576 721 726 751 sensu
753 720 809 750 ac
834 704 1100 750 divinitate
1126 710 1439 750 moveantur.
1501 703 1608 751 Nec
1627 721 1747 751 vero

257 786 558 834 Aristoteles
581 803 681 832 non
703 785 983 832 laudandus
1009 792 1088 832 est
1109 788 1161 831 in
1184 801 1244 832 eo
1267 785 1403 849 quod
1425 788 1593 832 omnia
1615 801 1747 849 quae

258 875 525 915 moventur
547 875 636 914 aut
657 870 1047 934 natura-moveri
1070 870 1267 914 censuit
1288 873 1377 913 aut
1398 870 1444 913 vi
1467 874 1555 914 aut
1576 867 1748 914 volun-

261 958 368 998 tate
394 966 405 1005 3
442 952 632 996 moveri
653 956 826 995 autem
846 947 1003 995 solem
1025 956 1077 994 et
1097 948 1268 994 lunam
1290 955 1343 995 et
1362 948 1525 995 sidera
1545 951 1714 995 omnia
1735 962 1750 1005 3

261 1048 392 1096 quae
434 1038 606 1077 autem
647 1037 829 1076 natura
869 1037 1193 1076 moverentur
1232 1029 1357 1076 haec
1398 1038 1487 1077 aut
1525 1031 1750 1093 pondere

262 1114 496 1161 deorsum
529 1119 618 1158 aut
649 1111 857 1158 levitate
891 1115 941 1157 in
973 1111 1186 1158 sublime
1219 1110 1354 1167 ferri,
1387 1128 1599 1174 quorum
1631 1128 1750 1158 neu-

262 1202 398 1243 trum
420 1197 563 1240 astris
586 1197 922 1257 contingeret,
943 1201 1212 1255 propterea
1236 1194 1371 1256 quod
1393 1210 1565 1239 eorum
1586 1201 1753 1240 motus

262 1279 314 1324 in
345 1276 519 1323 orbem
555 1279 842 1337 circumque
881 1274 1130 1332 ferretum
1166 1291 1259 1321 nec
1295 1291 1413 1321 vero
1450 1275 1546 1322 dici
1582 1281 1755 1337 potest

265 1361 312 1405 vi
360 1357 579 1420 quadam
627 1360 816 1403 maiore
866 1355 972 1402 fieri
1015 1363 1073 1403 ut
1114 1363 1289 1403 contra
1337 1363 1571 1402 naturam
1621 1363 1756 1403 astra

264 1446 594 1494 moveantur3
638 1454 769 1501 quae
813 1442 944 1484 enim
988 1444 1161 1500 potest
1201 1441 1359 1484 maior
1402 1438 1553 1485 esse?
1596 1444 1756 1485 restat

268 1525 422 1585 igitur
445 1527 502 1567 ut
525 1527 691 1566 motus
716 1527 965 1566 astrorum
987 1522 1054 1566 sit
1075 1519 1399 1565 voluntarius.

334 1601 525 1660 “Quae
552 1604 637 1664 qui
663 1601 832 1648 videat
859 1617 958 1647 non
984 1600 1186 1647 indocte
1212 1600 1371 1647 solum
1398 1616 1571 1647 verum
1603 1603 1757 1647 etiarn

268 1686 424 1746 impie
456 1681 608 1728 faciat
641 1685 679 1728 si
714 1683 834 1729 deos
868 1698 976 1728 esse
1009 1689 1180 1746 neget.
1251 1681 1357 1727 Nec
1388 1698 1509 1728 sane
1541 1681 1758 1728 multum

269 1767 484 1812 interest
521 1771 691 1810 utrum
728 1763 779 1810 id
816 1770 973 1826 neget
1011 1779 1074 1809 an
1113 1779 1196 1809 eos
1234 1765 1368 1809 omni
1406 1766 1757 1824 procuratione

271 1853 425 1909 atque
475 1848 671 1891 actione
718 1847 917 1907 privet3
982 1843 1101 1890 mihi
1158 1847 1290 1890 enim
1344 1847 1426 1906 qui
1481 1843 1601 1890 nihil
1654 1847 1761 1908 agit

273 1943 382 1975 esse
416 1930 618 1973 omnino
656 1943 757 1973 non
787 1926 1000 1972 videtur.
1071 1925 1195 1972 Esse
1226 1929 1382 1989 igitur
1406 1925 1526 1972 deos
1552 1928 1623 1971 ita
1649 1941 1760 1988 per-

273 2012 500 2072 spicuum
529 2015 606 2054 est
631 2014 688 2054 ut
725 2007 776 2054 id
818 2010 902 2071 qui
930 2013 1087 2071 neget
1112 2010 1193 2053 vix
1221 2023 1336 2053 eum
1378 2022 1531 2053 sanae
1573 2009 1758 2053 mentis

276 2093 577 2137 existimem.

191 2182 244 2222 45
333 2170 498 2217 XVII.
552 2169 786 2217 “Restat
824 2177 879 2216 ut
917 2169 1076 2232 qualis
1114 2186 1286 2216 eorum
1329 2175 1512 2215 natura
1547 2171 1613 2215 sit
1648 2185 1763 2215 con-

274 2253 586 2307 sideremus3
629 2255 680 2297 in
717 2267 816 2314 quo
852 2250 974 2296 nihil
1012 2257 1090 2297 est
1122 2249 1364 2297 difficilius
1402 2265 1553 2312 quam
1587 2265 1617 2296 a
1649 2265 1763 2296 con-

275 2333 543 2380 suetudine
560 2331 814 2378 oculorum
836 2335 993 2378 aciem
1010 2335 1194 2378 mentis
1216 2331 1481 2377 abducere.
1550 2329 1627 2376 Ea
1641 2330 1763 2377 diffi-

275 2413 434 2461 cultas
453 2414 653 2459 induxit
672 2421 723 2459 et
745 2412 892 2476 vulgo
911 2416 1150 2474 inperitos
1171 2419 1223 2458 et
1242 2411 1426 2458 similes
1444 2410 1762 2474 philosophos

778 2537 796 2555 ⁰
828 2530 1051 2582 I'robably
1074 2543 1121 2570 as
1144 2532 1186 2570 in
1208 2534 1227 2578 ἓ
1247 2533 1317 2571 42.

289 2677 380 2726 164
