1853 3001
871 158 1122 207 CICERO

251 297 444 338 ornate.
513 289 615 337 Sed
639 289 775 352 quod
798 291 849 335 in
875 288 958 335 illo
982 288 1105 334 mihi
1131 305 1224 335 usu
1249 304 1402 350 saepe
1427 291 1585 344 venit,
1607 288 1741 336 idem

252 379 403 425 modo
433 394 547 424 cum
577 384 631 424 te
662 377 889 423 audirem
920 377 1200 431 accidebat,
1230 382 1288 422 ut
1317 375 1530 422 moleste
1559 375 1743 422 ferrem

252 473 456 512 tantum
495 468 757 528 ingenium
805 464 958 528 (bona
999 466 1146 510 venia
1186 479 1269 510 me
1311 462 1506 526 audies)
1546 466 1598 510 in
1638 470 1745 510 tam

252 553 406 609 leves,
437 569 502 599 ne
535 553 699 599 dicam
731 555 783 598 in
814 558 922 598 tam
953 555 1153 614 ineptas
1185 553 1467 597 sententias
1498 551 1746 598 incidisse.

176 647 231 687 60
256 640 361 687 Nec
385 657 480 704 ego
503 657 637 686 nunc
658 643 766 702 ipse
791 639 981 702 aliquid
1004 637 1231 686 adferam
1253 637 1448 685 melius.
1519 638 1594 685 Ut
1616 641 1747 685 enim

255 729 406 775 modo
447 729 568 784 djxi,
609 728 840 774 omnibus
882 726 989 773 fere
1029 730 1081 772 in
1119 727 1270 773 rebus
1311 727 1402 773 sed
1440 729 1661 772 maxime
1700 729 1749 772 in

255 815 473 879 physicis
509 816 631 879 quid
664 833 765 862 non
799 818 864 862 sit
897 818 1043 861 citius
1078 831 1232 878 quam
1266 814 1387 877 quid
1421 817 1487 861 sit
1519 815 1748 861 dixerim.

257 903 427 951 XXII.
465 903 631 967 Roges
668 919 752 949 me
791 903 913 966 quid
950 910 1040 949 aut
1077 902 1226 966 quale
1263 905 1330 949 sit
1367 902 1509 958 deus,
1547 909 1752 948 auctore

257 999 372 1038 utar
410 991 683 1047 Simonide,
723 991 786 1038 de
826 1008 926 1054 quo
964 1008 1079 1038 cum
1117 993 1448 1054 quaesivisset
1484 989 1578 1036 hoc
1615 990 1752 1037 idem

256 1087 504 1143 tyrannus
540 1079 714 1135 Hiero,
748 1078 1063 1126 deliberandi
1095 1079 1188 1125 sibi
1223 1095 1380 1125 unum
1414 1078 1549 1125 diem
1581 1085 1753 1140 postu-

257 1166 415 1223 lavit3
462 1184 576 1214 cum
605 1168 741 1214 idem
772 1183 834 1213 ex
866 1183 925 1213 eo
953 1167 1196 1229 postridie
1226 1173 1514 1229 quaereret,
1541 1166 1753 1213 biduum

256 1258 474 1318 petivit3
532 1272 647 1302 cum
687 1258 887 1317 saepius
927 1254 1210 1317 duplicaret
1249 1270 1516 1301 numerum
1557 1254 1752 1301 dierum

258 1344 614 1406 admiransque
645 1343 801 1389 Hiero
830 1346 1114 1405 requireret
1143 1359 1230 1389 cur
1253 1345 1327 1389 ita
1354 1341 1565 1397 faceret,
1590 1349 1602 1369 ‘
1622 1341 1753 1400 Quia

259 1439 450 1494 quanto
497 1432 685 1478 diutius
727 1430 1020 1486 considero,’
1063 1434 1244 1494 inquit,
1288 1429 1297 1446 ‘
1322 1437 1468 1476 tanto
1509 1429 1631 1475 mihi
1672 1445 1751 1476 res

260 1520 458 1566 videtur
513 1518 800 1566 obscurior.'
879 1518 979 1566 Sed
1031 1518 1323 1565 Simoniden
1370 1519 1583 1564 arbitror
1630 1518 1749 1581 (non

259 1610 393 1654 enim
410 1614 562 1669 poeta
580 1606 739 1654 solum
756 1609 919 1654 suavis
936 1623 1110 1653 verum
1128 1610 1283 1654 etiam
1299 1609 1559 1670 ceteroqui
1575 1606 1751 1653 doctus

259 1698 561 1759 sapiensque
586 1695 824 1758 traditur)
851 1698 969 1758 quia
997 1694 1159 1742 multa
1189 1698 1420 1741 venirent
1447 1697 1499 1740 in
1523 1701 1750 1740 mentem

260 1791 410 1830 acuta
445 1790 599 1846 atque
636 1782 856 1839 subtilia,
892 1784 1214 1830 dubitantem
1251 1782 1372 1846 quid
1408 1798 1581 1828 eorum
1617 1788 1751 1828 esset

181 1877 232 1917 61
260 1874 572 1918 verissimum
603 1871 896 1933 desperasse
927 1887 1129 1917 omnem
1158 1873 1444 1918 veritatem.
1506 1869 1751 1933 Epicurus

261 1975 379 2005 vero
402 1966 520 2006 tuus
546 1959 683 2022 (nam
708 1976 822 2005 cum
846 1958 928 2005 illo
953 1959 1085 2005 malo
1110 1959 1357 2006 disserere
1382 1974 1535 2021 quam
1558 1957 1750 2019 tecum)

261 2047 383 2110 quid
407 2047 555 2094 dixit1
582 2047 717 2110 quod
743 2064 842 2093 non
866 2047 1016 2094 modo
1041 2045 1355 2110 philosophia
1382 2047 1591 2110 dignum
1617 2051 1751 2092 esset

260 2135 350 2182 sed
372 2135 610 2182 mediocri
633 2135 904 2198 prudentia
926 2135 945 2182 ?

325 2221 353 2239 “
378 2222 651 2281 Quaeritur
678 2226 896 2285 primum
924 2226 975 2269 in
1005 2239 1065 2269 ea
1094 2225 1391 2286 quaestione
1420 2236 1551 2284 quae
1580 2227 1659 2268 est
1686 2221 1750 2268 de

261 2317 443 2357 natura
474 2311 700 2367 deorum,
734 2314 900 2357 sintne
933 2311 983 2357 di
1016 2326 1175 2356 necne
1207 2313 1324 2358 sint.
1390 2308 1402 2327 ⁴
1427 2308 1639 2356 Difficile
1672 2314 1749 2356 est

260 2397 483 2462 negare.’
534 2397 697 2445 Credo
717 2401 755 2445 si
781 2402 832 2444 in
851 2402 1084 2445 contione
1104 2404 1395 2461 quaeratur,
1414 2397 1503 2444 sed
1527 2399 1579 2442 in
1603 2395 1748 2443 huius

364 2513 379 2538 ¹
410 2512 519 2553 dixit
539 2513 625 2565 (vel
646 2515 702 2554 sit
721 2527 818 2554 cum
840 2513 958 2560 decc„
976 2525 1060 2565 pro
1081 2511 1210 2563 esset)
1231 2511 1468 2552 Lambinus
1486 2527 1498 2553 ε
1529 2510 1649 2554 dicit.

268 2583 330 2625 58
