<?xml version="1.0" encoding="UTF-8"?>
<!DOCTYPE html PUBLIC "-//W3C//DTD XHTML 1.0 Transitional//EN"
    "http://www.w3.org/TR/xhtml1/DTD/xhtml1-transitional.dtd">
<html xmlns="http://www.w3.org/1999/xhtml" xml:lang="en" lang="en">
 <head>
  <title>
</title>
<meta http-equiv="Content-Type" content="text/html;charset=utf-8" />
  <meta name='ocr-system' content='tesseract 3.04.00' />
  <meta name='ocr-capabilities' content='ocr_page ocr_carea ocr_par ocr_line ocrx_word'/>
</head>
<body>
  <div class='ocr_page' id='page_1' title='image "./denaturadeorumac00ciceuoft_0628.png"; bbox 0 0 1919 3006; ppageno 0'>
   <div class='ocr_carea' id='block_1_1' title="bbox 987 152 1239 202">
    <p class='ocr_par' dir='ltr' id='par_1_1' title="bbox 987 152 1239 202">
     <span class='ocr_line' id='line_1_1' title="bbox 987 152 1239 202; baseline 0.004 -1"><span class='ocrx_word' id='word_1_1' title='bbox 987 152 1239 202; x_wconf 87' lang='lat' dir='ltr'>CICERO</span> 
     </span>
    </p>
   </div>
   <div class='ocr_carea' id='block_1_2' title="bbox 256 282 1863 2303">
    <p class='ocr_par' dir='ltr' id='par_1_2' title="bbox 256 282 1863 2303">
     <span class='ocr_line' id='line_1_2' title="bbox 363 282 1858 347; baseline 0.001 -17"><span class='ocrx_word' id='word_1_2' title='bbox 363 290 599 346; x_wconf 81' lang='lat' dir='ltr'>oportere</span> <span class='ocrx_word' id='word_1_3' title='bbox 622 297 635 340; x_wconf 82' lang='lat'><em>3</em></span> <span class='ocrx_word' id='word_1_4' title='bbox 680 299 837 347; x_wconf 90' lang='lat' dir='ltr'><strong>quare</strong></span> <span class='ocrx_word' id='word_1_5' title='bbox 863 286 938 330; x_wconf 89' lang='lat' dir='ltr'><strong>ita</strong></span> <span class='ocrx_word' id='word_1_6' title='bbox 963 282 1182 346; x_wconf 88' lang='lat' dir='ltr'><strong>placere,</strong></span> <span class='ocrx_word' id='word_1_7' title='bbox 1209 282 1314 330; x_wconf 91' lang='lat' dir='ltr'><strong>tale</strong></span> <span class='ocrx_word' id='word_1_8' title='bbox 1341 286 1502 331; x_wconf 92' lang='lat' dir='ltr'><strong>visum</strong></span> <span class='ocrx_word' id='word_1_9' title='bbox 1528 282 1721 331; x_wconf 90' lang='lat' dir='ltr'><strong>nullum</strong></span> <span class='ocrx_word' id='word_1_10' title='bbox 1749 300 1858 331; x_wconf 85' lang='lat' dir='ltr'><strong>esse</strong></span> 
     </span>
     <span class='ocr_line' id='line_1_3' title="bbox 364 366 1859 429; baseline 0.001 -17"><span class='ocrx_word' id='word_1_11' title='bbox 364 372 424 412; x_wconf 92' lang='lat' dir='ltr'><strong>ut</strong></span> <span class='ocrx_word' id='word_1_12' title='bbox 477 368 738 428; x_wconf 80' lang='lat' dir='ltr'>perceptio</span> <span class='ocrx_word' id='word_1_13' title='bbox 796 371 1208 428; x_wconf 82' lang='lat' dir='ltr'><strong>consequeretur,</strong></span> <span class='ocrx_word' id='word_1_14' title='bbox 1265 371 1324 412; x_wconf 90' lang='lat' dir='ltr'><strong>ut</strong></span> <span class='ocrx_word' id='word_1_15' title='bbox 1380 371 1554 412; x_wconf 89' lang='lat' dir='ltr'><strong>autem</strong></span> <span class='ocrx_word' id='word_1_16' title='bbox 1608 366 1859 429; x_wconf 87' lang='lat' dir='ltr'><strong>probatio,</strong></span> 
     </span>
     <span class='ocr_line' id='line_1_4' title="bbox 363 445 1859 509; baseline 0 -16"><span class='ocrx_word' id='word_1_17' title='bbox 363 446 539 493; x_wconf 88' lang='lat' dir='ltr'><strong>multa.</strong></span> <span class='ocrx_word' id='word_1_18' title='bbox 603 447 812 494; x_wconf 81' lang='lat' dir='ltr'><strong>Etenim</strong></span> <span class='ocrx_word' id='word_1_19' title='bbox 848 453 1024 493; x_wconf 88' lang='lat' dir='ltr'><strong>contra</strong></span> <span class='ocrx_word' id='word_1_20' title='bbox 1053 453 1288 494; x_wconf 89' lang='lat' dir='ltr'><strong>naturam</strong></span> <span class='ocrx_word' id='word_1_21' title='bbox 1320 452 1417 494; x_wconf 89' lang='lat' dir='ltr'><strong>estl</strong></span> <span class='ocrx_word' id='word_1_22' title='bbox 1447 446 1707 509; x_wconf 87' lang='lat' dir='ltr'><strong>probabile</strong></span> <span class='ocrx_word' id='word_1_23' title='bbox 1737 445 1859 494; x_wconf 85' lang='lat' dir='ltr'>nihil</span> 
     </span>
     <span class='ocr_line' id='line_1_5' title="bbox 366 527 1860 592; baseline 0.001 -17"><span class='ocrx_word' id='word_1_24' title='bbox 366 544 493 584; x_wconf 89' lang='lat' dir='ltr'><strong>esse,</strong></span> <span class='ocrx_word' id='word_1_25' title='bbox 528 534 583 575; x_wconf 92' lang='lat' dir='ltr'><strong>et</strong></span> <span class='ocrx_word' id='word_1_26' title='bbox 615 531 844 592; x_wconf 89' lang='lat' dir='ltr'><strong>sequitur</strong></span> <span class='ocrx_word' id='word_1_27' title='bbox 877 531 1038 575; x_wconf 89' lang='lat' dir='ltr'><strong>omnis</strong></span> <span class='ocrx_word' id='word_1_28' title='bbox 1071 531 1207 575; x_wconf 88' lang='lat' dir='ltr'><strong>vitae</strong></span> <span class='ocrx_word' id='word_1_29' title='bbox 1242 543 1304 575; x_wconf 89' lang='lat' dir='ltr'><strong>ea</strong></span> <span class='ocrx_word' id='word_1_30' title='bbox 1336 544 1489 591; x_wconf 85' lang='lat' dir='ltr'><strong>quam</strong></span> <span class='ocrx_word' id='word_1_31' title='bbox 1522 535 1598 585; x_wconf 90' lang='lat' dir='ltr'><strong>tu,</strong></span> <span class='ocrx_word' id='word_1_32' title='bbox 1633 527 1860 586; x_wconf 90' lang='lat' dir='ltr'><strong>Luculle,</strong></span> 
     </span>
     <span class='ocr_line' id='line_1_6' title="bbox 364 610 1863 673; baseline 0 -16"><span class='ocrx_word' id='word_1_33' title='bbox 364 610 795 657; x_wconf 87' lang='lat' dir='ltr'><strong>commemorabas</strong></span> <span class='ocrx_word' id='word_1_34' title='bbox 816 613 1008 657; x_wconf 87' lang='lat' dir='ltr'><strong>eversio</strong></span> <span class='ocrx_word' id='word_1_35' title='bbox 1031 624 1043 666; x_wconf 84' lang='lat'><em>3</em></span> <span class='ocrx_word' id='word_1_36' title='bbox 1081 612 1257 673; x_wconf 88' lang='lat' dir='ltr'><strong>itaque</strong></span> <span class='ocrx_word' id='word_1_37' title='bbox 1279 616 1333 657; x_wconf 92' lang='lat' dir='ltr'><strong>et</strong></span> <span class='ocrx_word' id='word_1_38' title='bbox 1353 611 1581 657; x_wconf 85' lang='lat' dir='ltr'><strong>sensibus</strong></span> <span class='ocrx_word' id='word_1_39' title='bbox 1599 610 1863 673; x_wconf 86' lang='lat' dir='ltr'><strong>probanda</strong></span> 
     </span>
     <span class='ocr_line' id='line_1_7' title="bbox 363 690 1861 748; baseline 0 -10"><span class='ocrx_word' id='word_1_40' title='bbox 363 691 526 738; x_wconf 86' lang='lat' dir='ltr'><strong>multa</strong></span> <span class='ocrx_word' id='word_1_41' title='bbox 561 698 698 748; x_wconf 89' lang='lat' dir='ltr'><strong>sunt,</strong></span> <span class='ocrx_word' id='word_1_42' title='bbox 735 698 976 738; x_wconf 88' lang='lat' dir='ltr'><strong>teneatur</strong></span> <span class='ocrx_word' id='word_1_43' title='bbox 1011 691 1162 738; x_wconf 92' lang='lat' dir='ltr'><strong>modo</strong></span> <span class='ocrx_word' id='word_1_44' title='bbox 1198 690 1338 747; x_wconf 91' lang='lat' dir='ltr'><strong>illud,</strong></span> <span class='ocrx_word' id='word_1_45' title='bbox 1375 708 1479 738; x_wconf 92' lang='lat' dir='ltr'><strong>non</strong></span> <span class='ocrx_word' id='word_1_46' title='bbox 1513 694 1678 738; x_wconf 89' lang='lat' dir='ltr'><strong>inesse</strong></span> <span class='ocrx_word' id='word_1_47' title='bbox 1713 694 1768 738; x_wconf 91' lang='lat' dir='ltr'><strong>in</strong></span> <span class='ocrx_word' id='word_1_48' title='bbox 1801 694 1861 738; x_wconf 92' lang='lat' dir='ltr'><strong>iis</strong></span> 
     </span>
     <span class='ocr_line' id='line_1_8' title="bbox 364 771 1861 836; baseline 0.001 -17"><span class='ocrx_word' id='word_1_49' title='bbox 364 776 634 836; x_wconf 90' lang='lat' dir='ltr'><strong>quicquam</strong></span> <span class='ocrx_word' id='word_1_50' title='bbox 669 772 773 819; x_wconf 90' lang='lat' dir='ltr'><strong>tale</strong></span> <span class='ocrx_word' id='word_1_51' title='bbox 810 772 959 836; x_wconf 88' lang='lat' dir='ltr'><strong>quale</strong></span> <span class='ocrx_word' id='word_1_52' title='bbox 994 789 1096 819; x_wconf 91' lang='lat' dir='ltr'><strong>non</strong></span> <span class='ocrx_word' id='word_1_53' title='bbox 1133 776 1289 819; x_wconf 89' lang='lat' dir='ltr'><strong>etiam</strong></span> <span class='ocrx_word' id='word_1_54' title='bbox 1323 771 1507 820; x_wconf 89' lang='lat' dir='ltr'><strong>falsum</strong></span> <span class='ocrx_word' id='word_1_55' title='bbox 1541 772 1664 819; x_wconf 92' lang='lat' dir='ltr'><strong>nihil</strong></span> <span class='ocrx_word' id='word_1_56' title='bbox 1699 773 1763 820; x_wconf 88' lang='lat' dir='ltr'><strong>ab</strong></span> <span class='ocrx_word' id='word_1_57' title='bbox 1800 789 1861 820; x_wconf 91' lang='lat' dir='ltr'><strong>eo</strong></span> 
     </span>
     <span class='ocr_line' id='line_1_9' title="bbox 362 853 1860 918; baseline 0 -17"><span class='ocrx_word' id='word_1_58' title='bbox 362 853 597 901; x_wconf 86' lang='lat' dir='ltr'><strong>differens</strong></span> <span class='ocrx_word' id='word_1_59' title='bbox 634 871 743 901; x_wconf 90' lang='lat' dir='ltr'><strong>esse</strong></span> <span class='ocrx_word' id='word_1_60' title='bbox 778 857 951 917; x_wconf 88' lang='lat' dir='ltr'><strong>possit.</strong></span> <span class='ocrx_word' id='word_1_61' title='bbox 1023 853 1102 901; x_wconf 90' lang='lat' dir='ltr'><strong>Sic</strong></span> <span class='ocrx_word' id='word_1_62' title='bbox 1138 854 1384 918; x_wconf 91' lang='lat' dir='ltr'><strong>quidquid</strong></span> <span class='ocrx_word' id='word_1_63' title='bbox 1419 854 1658 901; x_wconf 87' lang='lat' dir='ltr'><strong>acciderit</strong></span> <span class='ocrx_word' id='word_1_64' title='bbox 1693 857 1860 917; x_wconf 87' lang='lat' dir='ltr'><strong>specie</strong></span> 
     </span>
     <span class='ocr_line' id='line_1_10' title="bbox 360 934 1860 1000; baseline -0.001 -18"><span class='ocrx_word' id='word_1_65' title='bbox 360 935 639 1000; x_wconf 82' lang='lat' dir='ltr'><strong>probabile,</strong></span> <span class='ocrx_word' id='word_1_66' title='bbox 665 938 707 983; x_wconf 90' lang='lat' dir='ltr'><strong>si</strong></span> <span class='ocrx_word' id='word_1_67' title='bbox 731 934 854 982; x_wconf 90' lang='lat' dir='ltr'><strong>nihil</strong></span> <span class='ocrx_word' id='word_1_68' title='bbox 880 952 934 983; x_wconf 93' lang='lat' dir='ltr'><strong>se</strong></span> <span class='ocrx_word' id='word_1_69' title='bbox 961 934 1140 982; x_wconf 89' lang='lat' dir='ltr'><strong>offeret</strong></span> <span class='ocrx_word' id='word_1_70' title='bbox 1167 936 1302 999; x_wconf 93' lang='lat' dir='ltr'><strong>quod</strong></span> <span class='ocrx_word' id='word_1_71' title='bbox 1329 938 1394 983; x_wconf 93' lang='lat' dir='ltr'><strong>sit</strong></span> <span class='ocrx_word' id='word_1_72' title='bbox 1419 935 1765 999; x_wconf 78' lang='lat' dir='ltr'><strong>probabilitati</strong></span> <span class='ocrx_word' id='word_1_73' title='bbox 1790 935 1860 981; x_wconf 92' lang='lat' dir='ltr'><strong>illi</strong></span> 
     </span>
     <span class='ocr_line' id='line_1_11' title="bbox 362 1020 1860 1080; baseline 0 -16"><span class='ocrx_word' id='word_1_74' title='bbox 362 1021 686 1074; x_wconf 90' lang='lat' dir='ltr'><strong>contrarium,</strong></span> <span class='ocrx_word' id='word_1_75' title='bbox 727 1024 903 1064; x_wconf 87' lang='lat' dir='ltr'><strong>utetur</strong></span> <span class='ocrx_word' id='word_1_76' title='bbox 945 1033 1005 1064; x_wconf 92' lang='lat' dir='ltr'><strong>eo</strong></span> <span class='ocrx_word' id='word_1_77' title='bbox 1055 1021 1272 1080; x_wconf 89' lang='lat' dir='ltr'><strong>sapiens,</strong></span> <span class='ocrx_word' id='word_1_78' title='bbox 1314 1033 1371 1064; x_wconf 89' lang='lat' dir='ltr'><strong>ac</strong></span> <span class='ocrx_word' id='word_1_79' title='bbox 1420 1020 1489 1065; x_wconf 92' lang='lat' dir='ltr'><strong>sic</strong></span> <span class='ocrx_word' id='word_1_80' title='bbox 1529 1020 1690 1064; x_wconf 88' lang='lat' dir='ltr'><strong>omnis</strong></span> <span class='ocrx_word' id='word_1_81' title='bbox 1728 1020 1860 1064; x_wconf 87' lang='lat' dir='ltr'><strong>ratio</strong></span> 
     </span>
     <span class='ocr_line' id='line_1_12' title="bbox 362 1099 1859 1163; baseline 0 -17"><span class='ocrx_word' id='word_1_82' title='bbox 362 1103 497 1146; x_wconf 87' lang='lat' dir='ltr'><strong>vitae</strong></span> <span class='ocrx_word' id='word_1_83' title='bbox 531 1100 913 1163; x_wconf 84' lang='lat' dir='ltr'><strong>gubernabitur.</strong></span> <span class='ocrx_word' id='word_1_84' title='bbox 982 1099 1190 1145; x_wconf 86' lang='lat' dir='ltr'><strong>Etenim</strong></span> <span class='ocrx_word' id='word_1_85' title='bbox 1222 1102 1264 1146; x_wconf 90' lang='lat' dir='ltr'><strong>is</strong></span> <span class='ocrx_word' id='word_1_86' title='bbox 1299 1115 1501 1162; x_wconf 92' lang='lat' dir='ltr'><strong>quoque</strong></span> <span class='ocrx_word' id='word_1_87' title='bbox 1536 1102 1622 1162; x_wconf 90' lang='lat' dir='ltr'><strong>qui</strong></span> <span class='ocrx_word' id='word_1_88' title='bbox 1657 1115 1687 1146; x_wconf 90' lang='lat' dir='ltr'><strong>a</strong></span> <span class='ocrx_word' id='word_1_89' title='bbox 1719 1099 1859 1146; x_wconf 89' lang='lat' dir='ltr'><strong>vobis</strong></span> 
     </span>
     <span class='ocr_line' id='line_1_13' title="bbox 361 1179 1859 1244; baseline -0.001 -16"><span class='ocrx_word' id='word_1_90' title='bbox 361 1184 562 1244; x_wconf 90' lang='lat' dir='ltr'><strong>sapiens</strong></span> <span class='ocrx_word' id='word_1_91' title='bbox 611 1181 867 1228; x_wconf 86' lang='lat' dir='ltr'><strong>inducitur</strong></span> <span class='ocrx_word' id='word_1_92' title='bbox 917 1180 1080 1227; x_wconf 88' lang='lat' dir='ltr'><strong>multa</strong></span> <span class='ocrx_word' id='word_1_93' title='bbox 1131 1184 1359 1244; x_wconf 87' lang='lat' dir='ltr'><strong>sequitur</strong></span> <span class='ocrx_word' id='word_1_94' title='bbox 1409 1179 1706 1243; x_wconf 85' lang='lat' dir='ltr'><strong>probabilia,</strong></span> <span class='ocrx_word' id='word_1_95' title='bbox 1757 1196 1859 1227; x_wconf 92' lang='lat' dir='ltr'><strong>non</strong></span> 
     </span>
     <span class='ocr_line' id='line_1_14' title="bbox 360 1261 1859 1326; baseline -0.001 -17"><span class='ocrx_word' id='word_1_96' title='bbox 360 1261 725 1326; x_wconf 88' lang='lat' dir='ltr'><strong>comprehensa</strong></span> <span class='ocrx_word' id='word_1_97' title='bbox 774 1278 942 1325; x_wconf 91' lang='lat' dir='ltr'><strong>neque</strong></span> <span class='ocrx_word' id='word_1_98' title='bbox 991 1269 1237 1325; x_wconf 88' lang='lat' dir='ltr'><strong>percepta</strong></span> <span class='ocrx_word' id='word_1_99' title='bbox 1285 1278 1453 1325; x_wconf 91' lang='lat' dir='ltr'><strong>neque</strong></span> <span class='ocrx_word' id='word_1_100' title='bbox 1505 1262 1719 1309; x_wconf 85' lang='lat' dir='ltr'><strong>adsensa</strong></span> <span class='ocrx_word' id='word_1_101' title='bbox 1768 1261 1859 1308; x_wconf 92' lang='lat' dir='ltr'><strong>sed</strong></span> 
     </span>
     <span class='ocr_line' id='line_1_15' title="bbox 359 1342 1854 1407; baseline 0.001 -17"><span class='ocrx_word' id='word_1_102' title='bbox 359 1344 539 1391; x_wconf 85' lang='lat' dir='ltr'><strong>similia</strong></span> <span class='ocrx_word' id='word_1_103' title='bbox 573 1347 711 1400; x_wconf 83' lang='lat' dir='ltr'><strong>veri3</strong></span> <span class='ocrx_word' id='word_1_104' title='bbox 766 1359 898 1407; x_wconf 91' lang='lat' dir='ltr'><strong>quae</strong></span> <span class='ocrx_word' id='word_1_105' title='bbox 933 1346 1027 1390; x_wconf 89' lang='lat' dir='ltr'><strong>nisi</strong></span> <span class='ocrx_word' id='word_1_106' title='bbox 1061 1344 1261 1407; x_wconf 92' lang='lat' dir='ltr'><strong>probet,</strong></span> <span class='ocrx_word' id='word_1_107' title='bbox 1297 1346 1458 1391; x_wconf 81' lang='lat' dir='ltr'><strong>omnis</strong></span> <span class='ocrx_word' id='word_1_108' title='bbox 1492 1346 1599 1390; x_wconf 87' lang='lat' dir='ltr'><strong>vita</strong></span> <span class='ocrx_word' id='word_1_109' title='bbox 1632 1342 1854 1391; x_wconf 89' lang='lat' dir='ltr'><strong>tollatur.</strong></span> 
     </span>
     <span class='ocr_line' id='line_1_16' title="bbox 256 1425 1856 1487; baseline -0.002 -13"><span class='ocrx_word' id='word_1_110' title='bbox 256 1435 334 1475; x_wconf 88' lang='lat'><strong>100</strong></span> <span class='ocrx_word' id='word_1_111' title='bbox 359 1426 494 1484; x_wconf 77' lang='lat' dir='ltr'><strong>Quid</strong></span> <span class='ocrx_word' id='word_1_112' title='bbox 526 1426 702 1472; x_wconf 87' lang='lat' dir='ltr'><strong>enim?</strong></span> <span class='ocrx_word' id='word_1_113' title='bbox 754 1425 1096 1472; x_wconf 91' lang='lat' dir='ltr'><strong>conscendens</strong></span> <span class='ocrx_word' id='word_1_114' title='bbox 1127 1441 1310 1472; x_wconf 90' lang='lat' dir='ltr'><strong>navem</strong></span> <span class='ocrx_word' id='word_1_115' title='bbox 1341 1428 1541 1487; x_wconf 86' lang='lat' dir='ltr'><strong>sapiens</strong></span> <span class='ocrx_word' id='word_1_116' title='bbox 1571 1441 1693 1471; x_wconf 94' lang='lat' dir='ltr'><strong>num</strong></span> <span class='ocrx_word' id='word_1_117' title='bbox 1724 1441 1856 1471; x_wconf 92' lang='lat' dir='ltr'><strong>com-</strong></span> 
     </span>
     <span class='ocr_line' id='line_1_17' title="bbox 356 1506 1856 1570; baseline -0.001 -17"><span class='ocrx_word' id='word_1_118' title='bbox 356 1507 664 1570; x_wconf 90' lang='lat' dir='ltr'><strong>prehensum</strong></span> <span class='ocrx_word' id='word_1_119' title='bbox 691 1510 857 1554; x_wconf 89' lang='lat' dir='ltr'><strong>animo</strong></span> <span class='ocrx_word' id='word_1_120' title='bbox 882 1506 1041 1554; x_wconf 90' lang='lat' dir='ltr'><strong>habet</strong></span> <span class='ocrx_word' id='word_1_121' title='bbox 1067 1514 1223 1570; x_wconf 92' lang='lat' dir='ltr'><strong>atque</strong></span> <span class='ocrx_word' id='word_1_122' title='bbox 1248 1514 1549 1570; x_wconf 92' lang='lat' dir='ltr'><strong>perceptum</strong></span> <span class='ocrx_word' id='word_1_123' title='bbox 1574 1522 1628 1553; x_wconf 90' lang='lat' dir='ltr'><strong>se</strong></span> <span class='ocrx_word' id='word_1_124' title='bbox 1655 1523 1719 1553; x_wconf 87' lang='lat' dir='ltr'><strong>ex</strong></span> <span class='ocrx_word' id='word_1_125' title='bbox 1744 1522 1856 1554; x_wconf 89' lang='lat' dir='ltr'><strong>sen-</strong></span> 
     </span>
     <span class='ocr_line' id='line_1_18' title="bbox 356 1586 1856 1652; baseline 0.001 -18"><span class='ocrx_word' id='word_1_126' title='bbox 356 1592 523 1635; x_wconf 89' lang='lat' dir='ltr'><strong>tentia</strong></span> <span class='ocrx_word' id='word_1_127' title='bbox 544 1591 901 1652; x_wconf 87' lang='lat' dir='ltr'><strong>navigaturum</strong></span> <span class='ocrx_word' id='word_1_128' title='bbox 924 1589 942 1635; x_wconf 90' lang='lat'>?</span> <span class='ocrx_word' id='word_1_129' title='bbox 985 1591 1071 1651; x_wconf 93' lang='lat' dir='ltr'><strong>qui</strong></span> <span class='ocrx_word' id='word_1_130' title='bbox 1093 1595 1267 1651; x_wconf 89' lang='lat' dir='ltr'><strong>potest</strong></span> <span class='ocrx_word' id='word_1_131' title='bbox 1289 1589 1307 1635; x_wconf 89' lang='lat'>?</span> <span class='ocrx_word' id='word_1_132' title='bbox 1363 1587 1465 1635; x_wconf 90' lang='lat' dir='ltr'><strong>Sed</strong></span> <span class='ocrx_word' id='word_1_133' title='bbox 1487 1591 1527 1635; x_wconf 91' lang='lat' dir='ltr'><strong>si</strong></span> <span class='ocrx_word' id='word_1_134' title='bbox 1549 1591 1650 1634; x_wconf 92' lang='lat' dir='ltr'><strong>iam</strong></span> <span class='ocrx_word' id='word_1_135' title='bbox 1675 1604 1739 1635; x_wconf 87' lang='lat' dir='ltr'><strong>ex</strong></span> <span class='ocrx_word' id='word_1_136' title='bbox 1760 1586 1856 1635; x_wconf 87' lang='lat' dir='ltr'><strong>hoc</strong></span> 
     </span>
     <span class='ocr_line' id='line_1_19' title="bbox 355 1669 1853 1733; baseline -0.001 -16"><span class='ocrx_word' id='word_1_137' title='bbox 355 1669 463 1717; x_wconf 89' lang='lat' dir='ltr'><strong>loco</strong></span> <span class='ocrx_word' id='word_1_138' title='bbox 518 1670 864 1733; x_wconf 88' lang='lat' dir='ltr'><strong>proficiscatur</strong></span> <span class='ocrx_word' id='word_1_139' title='bbox 919 1669 1157 1717; x_wconf 87' lang='lat' dir='ltr'><strong>Puteolos</strong></span> <span class='ocrx_word' id='word_1_140' title='bbox 1212 1670 1378 1717; x_wconf 89' lang='lat' dir='ltr'><strong>stadia</strong></span> <span class='ocrx_word' id='word_1_141' title='bbox 1430 1672 1643 1733; x_wconf 88' lang='lat' dir='ltr'><strong>triginta</strong></span> <span class='ocrx_word' id='word_1_142' title='bbox 1694 1669 1853 1732; x_wconf 90' lang='lat' dir='ltr'><strong>probo</strong></span> 
     </span>
     <span class='ocr_line' id='line_1_20' title="bbox 355 1750 1853 1816; baseline 0 -18"><span class='ocrx_word' id='word_1_143' title='bbox 355 1755 572 1816; x_wconf 90' lang='lat' dir='ltr'><strong>navigio,</strong></span> <span class='ocrx_word' id='word_1_144' title='bbox 611 1753 743 1798; x_wconf 93' lang='lat' dir='ltr'><strong>bono</strong></span> <span class='ocrx_word' id='word_1_145' title='bbox 782 1752 1142 1816; x_wconf 85' lang='lat' dir='ltr'><strong>gubernatore,</strong></span> <span class='ocrx_word' id='word_1_146' title='bbox 1180 1750 1275 1798; x_wconf 91' lang='lat' dir='ltr'><strong>hac</strong></span> <span class='ocrx_word' id='word_1_147' title='bbox 1313 1750 1702 1815; x_wconf 86' lang='lat' dir='ltr'><strong>tranquillitate,</strong></span> <span class='ocrx_word' id='word_1_148' title='bbox 1739 1767 1853 1814; x_wconf 89' lang='lat' dir='ltr'><strong>pro-</strong></span> 
     </span>
     <span class='ocr_line' id='line_1_21' title="bbox 354 1831 1848 1880; baseline -0.001 0"><span class='ocrx_word' id='word_1_149' title='bbox 354 1833 522 1880; x_wconf 88' lang='lat' dir='ltr'><strong>babile</strong></span> <span class='ocrx_word' id='word_1_150' title='bbox 565 1836 631 1880; x_wconf 87' lang='lat' dir='ltr'><strong>ei2</strong></span> <span class='ocrx_word' id='word_1_151' title='bbox 669 1833 902 1880; x_wconf 90' lang='lat' dir='ltr'><strong>videatur</strong></span> <span class='ocrx_word' id='word_1_152' title='bbox 939 1849 993 1880; x_wconf 91' lang='lat' dir='ltr'><strong>se</strong></span> <span class='ocrx_word' id='word_1_153' title='bbox 1030 1832 1147 1880; x_wconf 90' lang='lat' dir='ltr'><strong>illuc</strong></span> <span class='ocrx_word' id='word_1_154' title='bbox 1183 1840 1455 1880; x_wconf 91' lang='lat' dir='ltr'><strong>venturum</strong></span> <span class='ocrx_word' id='word_1_155' title='bbox 1493 1849 1602 1880; x_wconf 91' lang='lat' dir='ltr'><strong>esse</strong></span> <span class='ocrx_word' id='word_1_156' title='bbox 1640 1831 1848 1880; x_wconf 89' lang='lat' dir='ltr'><strong>salvum.</strong></span> 
     </span>
     <span class='ocr_line' id='line_1_22' title="bbox 355 1913 1848 1979; baseline 0 -18"><span class='ocrx_word' id='word_1_157' title='bbox 355 1915 518 1961; x_wconf 89' lang='lat' dir='ltr'><strong>Huius</strong></span> <span class='ocrx_word' id='word_1_158' title='bbox 550 1915 686 1961; x_wconf 93' lang='lat' dir='ltr'><strong>modi</strong></span> <span class='ocrx_word' id='word_1_159' title='bbox 719 1918 873 1979; x_wconf 88' lang='lat' dir='ltr'><strong>igitur</strong></span> <span class='ocrx_word' id='word_1_160' title='bbox 905 1917 1019 1961; x_wconf 91' lang='lat' dir='ltr'><strong>visis</strong></span> <span class='ocrx_word' id='word_1_161' title='bbox 1053 1914 1257 1962; x_wconf 90' lang='lat' dir='ltr'><strong>consilia</strong></span> <span class='ocrx_word' id='word_1_162' title='bbox 1288 1917 1456 1977; x_wconf 88' lang='lat' dir='ltr'><strong>capiet</strong></span> <span class='ocrx_word' id='word_1_163' title='bbox 1489 1920 1543 1961; x_wconf 88' lang='lat' dir='ltr'><strong>et</strong></span> <span class='ocrx_word' id='word_1_164' title='bbox 1575 1913 1760 1978; x_wconf 83' lang='lat' dir='ltr'><strong>agendi</strong></span> <span class='ocrx_word' id='word_1_165' title='bbox 1793 1919 1848 1961; x_wconf 86' lang='lat' dir='ltr'><strong>et</strong></span> 
     </span>
     <span class='ocr_line' id='line_1_23' title="bbox 354 1995 1844 2060; baseline 0 -18"><span class='ocrx_word' id='word_1_166' title='bbox 354 2012 454 2043; x_wconf 91' lang='lat' dir='ltr'><strong>non</strong></span> <span class='ocrx_word' id='word_1_167' title='bbox 498 1996 698 2060; x_wconf 89' lang='lat' dir='ltr'><strong>agendi,</strong></span> <span class='ocrx_word' id='word_1_168' title='bbox 741 1995 1031 2059; x_wconf 88' lang='lat' dir='ltr'><strong>faciliorque</strong></span> <span class='ocrx_word' id='word_1_169' title='bbox 1076 1999 1172 2043; x_wconf 90' lang='lat' dir='ltr'><strong>erit</strong></span> <span class='ocrx_word' id='word_1_170' title='bbox 1214 2003 1272 2043; x_wconf 94' lang='lat' dir='ltr'><strong>ut</strong></span> <span class='ocrx_word' id='word_1_171' title='bbox 1315 1995 1481 2043; x_wconf 90' lang='lat' dir='ltr'><strong>albam</strong></span> <span class='ocrx_word' id='word_1_172' title='bbox 1525 2011 1634 2042; x_wconf 90' lang='lat' dir='ltr'><strong>esse</strong></span> <span class='ocrx_word' id='word_1_173' title='bbox 1676 1998 1844 2042; x_wconf 90' lang='lat' dir='ltr'><strong>nivem</strong></span> 
     </span>
     <span class='ocr_line' id='line_1_24' title="bbox 353 2076 1844 2142; baseline 0 -18"><span class='ocrx_word' id='word_1_174' title='bbox 353 2078 536 2140; x_wconf 91' lang='lat' dir='ltr'><strong>probet</strong></span> <span class='ocrx_word' id='word_1_175' title='bbox 565 2094 718 2141; x_wconf 89' lang='lat' dir='ltr'><strong>quam</strong></span> <span class='ocrx_word' id='word_1_176' title='bbox 748 2085 859 2124; x_wconf 90' lang='lat' dir='ltr'><strong>erat</strong></span> <span class='ocrx_word' id='word_1_177' title='bbox 887 2079 1217 2142; x_wconf 83' lang='lat' dir='ltr'><strong>Anaxagoras</strong></span> <span class='ocrx_word' id='word_1_178' title='bbox 1248 2077 1355 2141; x_wconf 87' lang='lat' dir='ltr'><strong>(qui</strong></span> <span class='ocrx_word' id='word_1_179' title='bbox 1382 2077 1435 2124; x_wconf 90' lang='lat' dir='ltr'><strong>id</strong></span> <span class='ocrx_word' id='word_1_180' title='bbox 1463 2093 1565 2124; x_wconf 92' lang='lat' dir='ltr'><strong>non</strong></span> <span class='ocrx_word' id='word_1_181' title='bbox 1592 2076 1742 2124; x_wconf 89' lang='lat' dir='ltr'><strong>modo</strong></span> <span class='ocrx_word' id='word_1_182' title='bbox 1770 2080 1844 2124; x_wconf 87' lang='lat' dir='ltr'><strong>ita</strong></span> 
     </span>
     <span class='ocr_line' id='line_1_25' title="bbox 355 2159 1842 2223; baseline 0 -18"><span class='ocrx_word' id='word_1_183' title='bbox 355 2175 463 2205; x_wconf 90' lang='lat' dir='ltr'><strong>esse</strong></span> <span class='ocrx_word' id='word_1_184' title='bbox 488 2160 712 2223; x_wconf 87' lang='lat' dir='ltr'><strong>negabat</strong></span> <span class='ocrx_word' id='word_1_185' title='bbox 738 2159 827 2206; x_wconf 92' lang='lat' dir='ltr'><strong>sed</strong></span> <span class='ocrx_word' id='word_1_186' title='bbox 851 2160 961 2216; x_wconf 92' lang='lat' dir='ltr'><strong>sibi,</strong></span> <span class='ocrx_word' id='word_1_187' title='bbox 987 2163 1106 2222; x_wconf 91' lang='lat' dir='ltr'><strong>quia</strong></span> <span class='ocrx_word' id='word_1_188' title='bbox 1129 2162 1280 2206; x_wconf 92' lang='lat' dir='ltr'><strong>sciret</strong></span> <span class='ocrx_word' id='word_1_189' title='bbox 1304 2175 1488 2222; x_wconf 90' lang='lat' dir='ltr'><strong>aquam</strong></span> <span class='ocrx_word' id='word_1_190' title='bbox 1512 2161 1708 2222; x_wconf 89' lang='lat' dir='ltr'><strong>nigram</strong></span> <span class='ocrx_word' id='word_1_191' title='bbox 1733 2174 1842 2206; x_wconf 91' lang='lat' dir='ltr'><strong>esse</strong></span> 
     </span>
     <span class='ocr_line' id='line_1_26' title="bbox 353 2240 1841 2303; baseline 0 -17"><span class='ocrx_word' id='word_1_192' title='bbox 353 2240 487 2286; x_wconf 91' lang='lat' dir='ltr'><strong>unde</strong></span> <span class='ocrx_word' id='word_1_193' title='bbox 512 2240 596 2286; x_wconf 84' lang='lat' dir='ltr'><strong>illa</strong></span> <span class='ocrx_word' id='word_1_194' title='bbox 620 2247 855 2287; x_wconf 86' lang='lat' dir='ltr'><strong>concreta</strong></span> <span class='ocrx_word' id='word_1_195' title='bbox 870 2247 886 2270; x_wconf 85' lang='lat'>³</span> <span class='ocrx_word' id='word_1_196' title='bbox 913 2247 1065 2297; x_wconf 91' lang='lat' dir='ltr'><strong>esset,</strong></span> <span class='ocrx_word' id='word_1_197' title='bbox 1086 2240 1252 2287; x_wconf 90' lang='lat' dir='ltr'><strong>albam</strong></span> <span class='ocrx_word' id='word_1_198' title='bbox 1274 2243 1437 2303; x_wconf 89' lang='lat' dir='ltr'><strong>ipsam</strong></span> <span class='ocrx_word' id='word_1_199' title='bbox 1461 2256 1570 2288; x_wconf 89' lang='lat' dir='ltr'><strong>esse</strong></span> <span class='ocrx_word' id='word_1_200' title='bbox 1595 2255 1660 2287; x_wconf 86' lang='lat' dir='ltr'><strong>ne</strong></span> <span class='ocrx_word' id='word_1_201' title='bbox 1684 2240 1841 2287; x_wconf 90' lang='lat' dir='ltr'><strong>videri</strong></span> 
     </span>
    </p>
   </div>
   <div class='ocr_carea' id='block_1_3' title="bbox 351 2356 1839 2465">
    <p class='ocr_par' dir='ltr' id='par_1_3' title="bbox 351 2356 1839 2465">
     <span class='ocr_line' id='line_1_27' title="bbox 351 2356 1839 2400; baseline 0 -2"><span class='ocrx_word' id='word_1_202' title='bbox 351 2356 370 2384; x_wconf 85' lang='lat'>¹</span> <span class='ocrx_word' id='word_1_203' title='bbox 398 2362 464 2399; x_wconf 88' lang='lat' dir='ltr'><strong>est</strong></span> <span class='ocrx_word' id='word_1_204' title='bbox 486 2358 543 2398; x_wconf 84' lang='lat' dir='ltr'><em>M</em></span> <span class='ocrx_word' id='word_1_205' title='bbox 542 2359 678 2399; x_wconf 65' lang='lat' dir='ltr'><strong>iiller:</strong></span> <span class='ocrx_word' id='word_1_206' title='bbox 703 2363 815 2399; x_wconf 88' lang='lat' dir='ltr'><strong>esset</strong></span> <span class='ocrx_word' id='word_1_207' title='bbox 835 2359 957 2400; x_wconf 78' lang='lat' dir='ltr'><strong>codd.</strong></span> <span class='ocrx_word' id='word_1_208' title='bbox 1278 2359 1294 2383; x_wconf 79' lang='lat'><strong>²</strong></span> <span class='ocrx_word' id='word_1_209' title='bbox 1324 2360 1364 2399; x_wconf 92' lang='lat' dir='ltr'><strong>ei</strong></span> <span class='ocrx_word' id='word_1_210' title='bbox 1384 2358 1572 2399; x_wconf 75' lang='lat' dir='ltr'><strong>inseruit</strong></span> <span class='ocrx_word' id='word_1_211' title='bbox 1586 2358 1839 2399; x_wconf 74' lang='lat' dir='ltr'><strong>Lambinus.</strong></span> 
     </span>
     <span class='ocr_line' id='line_1_28' title="bbox 770 2413 1423 2465; baseline 0.002 -14"><span class='ocrx_word' id='word_1_212' title='bbox 770 2414 786 2438; x_wconf 82' lang='lat'>³</span> <span class='ocrx_word' id='word_1_213' title='bbox 822 2413 945 2453; x_wconf 69' lang='lat' dir='ltr'><strong>Mem.</strong></span> <span class='ocrx_word' id='word_1_214' title='bbox 967 2430 977 2454; x_wconf 73' lang='grc' dir='ltr'><strong>ε</strong></span> <span class='ocrx_word' id='word_1_215' title='bbox 1009 2416 1279 2465; x_wconf 84' lang='lat' dir='ltr'><strong>congregata</strong></span> <span class='ocrx_word' id='word_1_216' title='bbox 1300 2413 1423 2453; x_wconf 80' lang='lat' dir='ltr'><strong>codd.</strong></span> 
     </span>
    </p>
   </div>
   <div class='ocr_carea' id='block_1_4' title="bbox 1757 2486 1836 2496">
    <p class='ocr_par' dir='ltr' id='par_1_4' title="bbox 1757 2486 1836 2496">
     <span class='ocr_line' id='line_1_29' title="bbox 1757 2486 1836 2496; baseline 0.025 -2"><span class='ocrx_word' id='word_1_217' title='bbox 1757 2486 1836 2496; x_wconf 74' lang='lat'><strong>.—</strong></span> 
     </span>
    </p>
   </div>
   <div class='ocr_carea' id='block_1_5' title="bbox 358 2521 1266 2636">
    <p class='ocr_par' dir='ltr' id='par_1_5' title="bbox 358 2521 1266 2636">
     <span class='ocr_line' id='line_1_30' title="bbox 908 2521 1266 2566; baseline -0.003 -8"><span class='ocrx_word' id='word_1_218' title='bbox 908 2523 925 2541; x_wconf 70' lang='lat'><strong>0</strong></span> <span class='ocrx_word' id='word_1_219' title='bbox 955 2523 994 2564; x_wconf 59' lang='lat' dir='ltr'><strong>{g</strong></span> <span class='ocrx_word' id='word_1_220' title='bbox 1016 2522 1086 2566; x_wconf 82' lang='lat'><strong>31,</strong></span> <span class='ocrx_word' id='word_1_221' title='bbox 1107 2521 1177 2565; x_wconf 84' lang='lat'><strong>53,</strong></span> <span class='ocrx_word' id='word_1_222' title='bbox 1197 2521 1266 2558; x_wconf 83' lang='lat'><strong>58.</strong></span> 
     </span>
     <span class='ocr_line' id='line_1_31' title="bbox 358 2589 454 2636; baseline 0.021 -10"><span class='ocrx_word' id='word_1_223' title='bbox 358 2589 454 2636; x_wconf 71' lang='lat'><strong>⁵94</strong></span> 
     </span>
    </p>
   </div>
  </div>
 </body>
</html>
