1919 3006
980 172 1231 221 CICERO

363 305 632 370 oportere?
698 305 896 368 Nempe
920 305 1102 370 singuli
1127 311 1336 352 vovent:
1367 304 1510 352 audit
1531 306 1687 368 igitur
1709 317 1852 349 mens

367 390 535 437 divina
563 391 717 435 etiam
745 388 808 435 de
836 386 1042 451 singulis
1065 402 1077 443 3
1121 387 1302 434 videtis
1329 403 1450 450 ergo
1475 402 1577 433 non
1603 400 1712 432 esse
1739 399 1852 430 eam

367 478 474 518 tam
505 477 802 533 occupatam
841 485 993 532 quam
1022 468 1323 531 putabatis?
1387 467 1486 514 Fac
1520 482 1628 515 esse
1664 467 1854 514 disten-

368 559 494 607 tam,
554 551 750 598 caelum
811 557 1098 597 versantem
1157 557 1347 597 terram
1407 555 1641 596 tuentem
1699 550 1859 594 maria

368 634 754 681 moderantem:
809 649 896 680 cur
932 639 1040 680 tam
1075 631 1261 679 multos
1298 632 1419 679 deos
1455 629 1579 678 nihil
1615 646 1767 695 agere
1805 635 1860 678 et

369 732 565 763 cessare
612 715 846 778 patitur?
912 731 999 761 cur
1046 731 1146 761 non
1191 715 1341 761 rebus
1388 712 1620 760 humanis
1668 711 1859 776 aliquos

369 801 553 845 otiosos
581 797 701 844 deos
727 797 956 859 praeficit
985 799 1070 860 qui
1098 813 1127 843 a
1152 803 1225 852 te,
1251 795 1428 852 Balbe,
1466 792 1859 842 innumerabiles

371 879 608 942 explicati
631 885 750 924 sunt
771 878 789 924 ?

436 961 463 977 ‘⁴
489 961 630 1007 Haec
663 959 770 1007 fere
803 961 971 1008 dicere
1003 959 1157 1008 habui
1190 961 1254 1009 de
1286 968 1470 1008 natura
1501 960 1728 1014 deorum,
1760 973 1860 1004 non

371 1052 430 1092 ut
469 1060 582 1090 eam
623 1043 855 1090 tollerem
897 1044 987 1090 sed
1028 1050 1088 1091 ut
1128 1042 1495 1108 intellegeretis
1533 1058 1686 1107 quam
1726 1046 1862 1088 esset

371 1128 582 1174 obscura
606 1131 660 1172 et
683 1141 836 1189 quam
859 1124 1067 1172 difficilis
1092 1124 1371 1188 explicatus
1393 1122 1662 1172 haberet.”

293 1299 348 1341 94
434 1288 544 1337 XL.
581 1288 726 1347 Quae
770 1304 886 1335 cum
929 1288 1158 1344 dixisset,
1201 1287 1355 1335 Cotta
1398 1288 1566 1335 finem.
1645 1284 1864 1334 Lucilius

374 1378 548 1418 autem
584 1368 1003 1417 “Vehementius
1028 1369 1055 1386 ''
1091 1372 1275 1433 inquit,
1308 1369 1337 1386 “
1361 1369 1531 1427 Cotta,
1566 1376 1625 1417 tu
1658 1369 1864 1434 quidem

373 1457 601 1500 invectus
648 1468 701 1500 es
746 1455 799 1499 in
845 1469 958 1500 eam
1003 1451 1285 1499 Stoicorum
1329 1455 1578 1499 rationem
1623 1467 1754 1512 quae
1800 1450 1866 1499 de

374 1535 692 1601 providentia
735 1535 945 1582 deorum
989 1536 1053 1583 ab
1096 1535 1190 1582 illis
1234 1539 1563 1583 sanctissume
1607 1542 1662 1582 et
1703 1536 1866 1598 provi-

375 1619 688 1667 dentissume
741 1620 1019 1664 constituta
1071 1624 1164 1664 est.
1250 1615 1351 1665 Sed
1402 1619 1640 1681 quoniam
1692 1615 1868 1663 adves-

374 1703 609 1764 perascit,
647 1699 788 1746 dabis
830 1698 974 1745 nobis
1017 1699 1153 1746 diem
1195 1698 1414 1762 aliquem
1456 1705 1515 1746 ut
1554 1706 1729 1746 contra
1769 1700 1868 1745 ista

377 1783 616 1830 dicamus.
678 1781 772 1827 Est
797 1783 931 1827 enim
956 1780 1077 1827 mihi
1097 1788 1266 1828 tecum
1294 1798 1384 1845 pro
1411 1785 1508 1828 aris
1536 1789 1590 1829 et
1614 1779 1736 1828 focis
1762 1796 1868 1828 cer-

375 1872 550 1911 tamen
576 1870 630 1910 et
661 1880 752 1926 pro
777 1863 987 1910 deorum
1012 1863 1215 1926 templis
1241 1870 1396 1927 atque
1421 1863 1642 1911 delubris
1674 1878 1866 1926 proque

376 1947 511 1994 urbis
542 1948 715 2000 muris,
746 1961 870 2008 quos
908 1962 993 1991 vos
1023 1945 1287 2007 pontifices
1325 1952 1523 1992 sanctos
1562 1961 1671 1992 esse
1701 1945 1864 1992 dicitis

376 2028 769 2091 diligentiusque
796 2027 973 2073 urbem
998 2026 1243 2091 religione
1270 2043 1423 2091 quam
1449 2031 1567 2091 ipsis
1594 2027 1860 2074 moenibus

374 2113 608 2175 cingiti53
669 2125 800 2172 quae
843 2110 1008 2156 deseri
1049 2126 1080 2156 a
1120 2125 1221 2166 me,
1263 2110 1384 2157 dum
1427 2110 1633 2173 quidem
1674 2112 1863 2172 spirare

377 2201 572 2257 potero,
596 2190 737 2238 nefas
760 2191 977 2238 iudico.''

299 2285 351 2325 95
437 2275 567 2321 Tum
611 2273 799 2321 Cotta:
862 2273 1024 2338 “Ego
1067 2291 1185 2322 vero
1229 2281 1282 2321 et
1324 2281 1445 2337 opto
1486 2274 1722 2339 redargui
1764 2290 1864 2331 me,

377 2357 550 2413 Balbe,
590 2363 643 2403 et
682 2372 743 2402 ea
780 2372 911 2419 quae
949 2356 1201 2418 disputavi
1239 2356 1484 2403 disserere
1521 2355 1675 2403 malui
1713 2372 1865 2420 quam

376 2440 614 2495 iudicare,
649 2445 702 2485 et
738 2436 883 2484 facile
917 2453 1001 2484 me
1038 2454 1069 2484 a
1104 2444 1159 2485 te
1196 2440 1325 2485 vinci
1361 2453 1507 2502 posse
1540 2445 1680 2485 certo
1712 2433 1865 2486 seio.”

378 2595 476 2639 380
