1919 3006
300 1617 355 1658 89

1010 163 1262 212 CICERO

387 293 579 342 Similia
606 293 670 340 de
699 292 984 339 vinulentis.
1049 292 1206 350 Quasi
1235 295 1502 356 quisquam
1529 299 1688 358 neget
1715 300 1771 342 et
1797 295 1882 358 qui

389 368 715 425 experrectus
739 363 805 407 sit
834 376 952 407 eum
975 363 1248 408 somniasse
1273 367 1346 408 se1
1371 367 1426 408 et
1448 363 1586 408 cuius
1610 359 1747 408 furor
1768 377 1884 408 con-

388 430 578 477 sederit
613 435 795 491 putare
832 444 934 474 non
968 426 1123 475 fuisse
1160 443 1223 474 ea
1257 444 1378 474 vera
1412 444 1544 492 quae
1582 435 1754 476 essent
1787 429 1881 476 sibi

387 500 492 544 visa
519 499 570 542 in
601 495 769 542 furore
794 495 802 541 !
858 494 960 542 Sed
990 511 1092 541 non
1122 495 1176 542 id
1207 498 1408 559 agitur3
1457 502 1570 542 tum
1600 513 1716 543 eum
1745 495 1882 543 vide·

385 564 573 611 bantur
597 580 696 626 quo
719 563 869 609 modo
893 563 1203 617 viderentur,
1225 563 1279 609 id
1301 566 1575 625 quaeritur.
1633 563 1741 611 Nisi
1763 579 1882 611 vero

385 632 608 679 Ennium
632 647 733 677 non
757 637 996 693 putamus
1021 633 1096 677 ita
1120 637 1288 676 totum
1312 630 1436 677 illud
1461 631 1709 678 audivisse

833 741 859 767 o
878 728 1020 779 pietas
1039 728 1207 768 animi.
1227 757 1238 768 .
1258 757 1285 775 .‚

385 817 427 862 si
453 813 604 861 modo
631 812 685 860 id
712 815 997 868 somniavit,
1027 818 1085 859 ut
1113 814 1154 859 si
1182 811 1392 876 vigilans
1423 813 1656 870 audiret3
1704 829 1883 876 exper-

385 889 552 929 rectus
580 884 715 928 enirn
733 883 903 943 potuit
927 879 1012 926 illa
1030 882 1136 926 visa
1159 887 1359 942 putare,
1385 887 1444 926 ut
1470 886 1653 936 erant,²
1672 884 1882 938 somnia,

385 950 655 996 dormienti
671 965 788 994 vero
807 963 969 1011 aeque
987 964 1044 994 ac
1059 947 1288 1011 vigilanti
1302 948 1663 1011 probabantur.
1714 947 1882 1007 Quid?

386 1017 547 1064 Iliona
570 1033 744 1063 somno
767 1015 850 1062 illo

829 1106 984 1150 mater,
1006 1106 1050 1143 te
1069 1101 1248 1154 appello
1277 1131 1291 1144 .
1319 1130 1336 1146 0
1363 1130 1380 1147 0

382 1216 549 1247 nonne
595 1202 668 1246 ita
715 1198 948 1245 credidit³
997 1197 1154 1244 filium
1205 1197 1431 1245 locutum
1476 1204 1536 1246 ut
1582 1205 1880 1263 experrecta

384 1271 540 1315 etiam
565 1267 797 1313 crederet
820 1267 838 1312 ?
908 1265 1058 1312 Unde
1085 1268 1217 1312 enim
1241 1265 1327 1312 illa

464 1389 548 1428 age
568 1374 712 1422 adsta,
735 1388 880 1422 mane,
903 1373 1010 1414 audi
1028 1390 1038 1421 ;
1078 1373 1299 1414 iteradum
1319 1373 1477 1415 eadem
1497 1376 1583 1415 ista
1603 1375 1770 1415 mihi—
1784 1377 1805 1418 ἓ

382 1489 503 1518 num
538 1471 737 1517 videtur
771 1473 1017 1516 minorem
1051 1468 1240 1516 habere
1275 1471 1390 1517 visis
1424 1486 1577 1533 quam
1611 1470 1877 1535 vigilantes

425 1557 429 1559 -
556 1539 574 1572 >

380 1540 685 1652 ᾖάξζίἒῩΙΠ.
723 1603 751 1620 “
778 1603 914 1663 Quid
927 1603 1104 1667 loquar
1119 1603 1427 1651 deinsanis?
1475 1603 1650 1663 Qualis
1664 1605 1875 1653 tandem

378 1673 474 1720 fuit
532 1673 708 1720 adfinis
764 1678 899 1727 tuus,
955 1670 1156 1727 Catule,
1209 1671 1535 1719 Tuditanus?
1608 1675 1875 1736 quisquam

378 1744 666 1788 sanissimus
716 1746 823 1786 tam
873 1745 1014 1785 certa
1061 1745 1213 1801 putat
1263 1755 1394 1802 quae
1443 1739 1583 1786 videt
1632 1756 1786 1804 quam
1833 1744 1874 1788 is

374 1809 594 1872 putabat
617 1823 747 1870 quae
772 1807 1075 1853 videbantur
1096 1806 1116 1853 ?
1184 1805 1319 1865 Quid
1340 1805 1423 1853 ille
1448 1809 1534 1870 qui
1555 1822 1567 1854 t

612 1915 754 1962 video,
775 1914 904 1955 video
927 1918 983 1955 te.
1045 1915 1156 1962 vive,
1179 1913 1346 1963 Ulixes,
1367 1913 1476 1955 dum
1494 1913 1630 1956 licet?

374 2017 543 2050 nonne
580 2003 736 2048 etiam
771 2000 847 2047 bis
884 1998 1186 2046 exclamavit
1220 2015 1275 2047 se
1311 1999 1482 2047 videre
1518 2016 1633 2047 cum
1668 2004 1870 2049 omnino

405 2099 423 2124 ²
451 2100 695 2139 somniasse
715 2110 762 2139 se
786 2097 841 2138 M
841 2097 956 2138 valler
973 2114 983 2137 z
1016 2098 1189 2138 somnia
1208 2097 1294 2138 reri
1311 2096 1453 2139 Reid:
1474 2099 1696 2139 somniare
1715 2099 1839 2140 codd.

735 2152 751 2176 ²
781 2155 921 2244 er3anItq
931 2151 1056 2242 ill'ldv.
1077 2168 1087 2192 ε
1120 2154 1247 2244 effi?
1265 2151 1450 2245 ecgjodd.

924 2220 1042 2245 am:
1075 2218 1145 2245 cre
1181 2219 1191 2244 1
1233 2218 1278 2245 co
1340 2234 1355 2245 v.

431 2318 450 2336 ‘²
480 2309 771 2362 Presumably
791 2314 892 2362 part
912 2310 961 2351 of
978 2310 1052 2350 the
1073 2309 1226 2350 dream
1247 2309 1387 2351 about
1407 2310 1591 2359 Homer,
1613 2314 1633 2358 ἓ
1654 2314 1704 2352 51
1732 2325 1774 2352 n.

436 2367 452 2390 ⁶
485 2365 661 2437 {quoted
695 2365 809 2406 from
846 2365 921 2405 the
949 2364 1096 2405 Iliona
1125 2368 1215 2417 (see
1243 2377 1287 2417 p.
1318 2365 1420 2417 662)
1447 2364 1497 2405 of
1526 2364 1744 2406 Pacuvius
1774 2367 1862 2418 (see

374 2423 758 2524 p-Jfflssgbaoenssy
790 2472 876 2512 this
909 2485 1055 2533 comes
1089 2471 1203 2511 from
1232 2484 1290 2512 an
1328 2472 1448 2520 Ajcw:
1481 2471 1667 2520 Furens,
1697 2471 1777 2513 but
1806 2485 1864 2513 no

378 2527 511 2567 Latin
532 2526 719 2580 tragedy
741 2540 797 2567 on
822 2526 904 2566 this
926 2525 1094 2578 subject
1117 2527 1150 2566 is
1173 2524 1393 2566 recorded.

375 2596 469 2641 578
