1919 3006
958 170 1210 220 CICERO

336 301 550 349 mortale
569 305 724 366 igitur
742 317 893 349 omne
912 300 1099 348 animal
1118 308 1172 349 et
1190 300 1479 349 dissolubile
1499 307 1553 348 et
1572 300 1831 348 dividuum

260 384 315 424 30
338 381 404 424 sit
423 392 629 424 necesse
652 382 745 423 est.
796 375 871 423 Ut
892 378 1064 431 em'm,¹
1085 378 1125 423 si
1146 378 1306 422 omnis
1327 391 1443 422 cera
1463 373 1832 422 commutabilis

339 458 490 506 esset,
513 449 636 496 nihil
659 456 794 496 esset
816 465 1019 496 cereum
1042 449 1178 512 quod
1199 451 1498 496 commutari
1520 464 1620 495 non
1641 454 1831 510 posset,

337 527 464 572 item
489 522 612 570 nihil
648 529 950 587 argenteum
986 521 1109 569 nihil
1138 527 1355 570 aeneum
1384 524 1423 569 si
1461 521 1830 569 commutabilis

341 603 476 644 esset
510 602 694 642 natura
730 597 930 659 argenti
967 601 1021 642 et
1057 598 1185 642 aeris
1219 623 1284 630 —
1318 593 1548 641 similiter
1582 597 1755 658 igitur,
1789 596 1831 642 si

340 673 509 717 omnia
537 667 689 733 [quae
718 667 879 733 sunt]²
908 684 936 715 e
965 668 1146 731 quibus
1175 674 1360 715 cuncta
1395 674 1632 715 constant
1665 674 1833 715 muta-

339 745 459 792 bilia
487 751 622 799 sunt,
651 743 845 789 nullum
873 759 1051 805 corpus
1082 759 1191 790 esse
1220 749 1393 805 potest
1421 759 1523 789 non
1549 741 1796 789 mutabile
1819 757 1832 801 ;

339 816 604 864 mutabilia
631 823 805 863 autem
830 823 950 863 sunt
975 815 1060 862 illa
1087 831 1149 862 ex
1177 816 1358 879 quibus
1386 818 1554 862 omnia
1579 822 1833 873 constant,

339 897 398 938 ut
427 890 566 937 vobis
598 889 834 944 videtui-3
883 905 1032 935 omne
1063 892 1219 953 igitur
1249 905 1427 952 corpus
1458 888 1704 936 mutabile
1736 896 1831 937 est.

338 964 412 1011 At
434 966 475 1010 si
500 969 636 1010 esset
659 978 837 1024 corpus
863 961 1067 1025 aliquod
1088 961 1375 1018 inmortale,
1397 979 1500 1010 non
1524 969 1660 1009 esset
1683 978 1833 1010 omne

337 1035 599 1084 mutabile.
666 1034 748 1082 Ita
784 1035 996 1082 efficitur
1023 1042 1083 1083 ut
1117 1051 1267 1082 omne
1293 1052 1471 1098 corpus
1505 1034 1720 1082 mortale
1749 1038 1829 1082 sit.

337 1110 546 1158 Etenim
573 1125 722 1156 omne
751 1125 928 1171 corpus
958 1115 1047 1156 aut
1075 1125 1207 1172 aqua
1235 1115 1325 1156 aut
1353 1113 1442 1155 aer
1469 1115 1560 1156 aut
1585 1111 1714 1172 ignis
1743 1114 1833 1156 aut

337 1191 475 1232 terra
507 1190 602 1239 est,
635 1189 724 1230 aut
753 1181 808 1228 id
838 1182 974 1245 quod
1005 1189 1084 1230 est
1115 1189 1407 1229 concretum
1439 1198 1503 1229 ex
1533 1181 1609 1229 his
1641 1188 1732 1229 aut
1767 1198 1832 1229 ex

338 1256 506 1320 aliqua
552 1262 699 1318 parte
737 1271 911 1302 eorum
929 1269 941 1310 ;
990 1254 1169 1302 horum
1205 1262 1379 1302 autem
1426 1253 1549 1301 nihil
1591 1261 1670 1303 est
1709 1257 1832 1319 quin

259 1338 310 1379 31
336 1334 559 1378 intereat
582 1345 594 1386 3
637 1346 755 1375 nam
780 1336 833 1376 et
857 1337 1117 1376 terrenum
1142 1346 1291 1376 omne
1321 1329 1577 1385 dividitur,
1602 1335 1657 1376 et
1687 1346 1832 1376 umor

335 1408 409 1452 ita
432 1403 592 1450 mollis
622 1410 700 1450 est
726 1410 784 1450 ut
809 1401 956 1450 facile
982 1406 1144 1466 premi
1177 1403 1461 1466 conlidique
1493 1406 1668 1466 possit,
1701 1406 1830 1467 ignis

337 1494 454 1525 vero
488 1483 542 1524 et
573 1481 663 1523 aer
694 1479 830 1523 omni
861 1475 1009 1539 pulsu
1041 1475 1276 1523 facillime
1308 1475 1514 1538 pellitur
1544 1482 1830 1540 naturaque

337 1551 522 1598 cedens
566 1556 644 1596 est
686 1565 926 1596 maxume
969 1556 1023 1596 et
1058 1548 1375 1611 dissupabilis
1394 1563 1406 1604 ;
1458 1555 1830 1612 praetereaque

337 1626 505 1671 omnia
544 1621 670 1669 haec
708 1629 820 1669 tum
859 1625 1121 1669 intereunt
1161 1639 1275 1669 cum
1313 1625 1366 1668 in
1404 1629 1640 1669 naturam
1679 1621 1829 1668 aliam

336 1701 717 1751 convertuntur,
745 1694 882 1758 quod
910 1694 967 1741 fit
995 1711 1110 1741 cum
1137 1701 1275 1741 terra
1300 1697 1353 1741 in
1381 1710 1566 1757 aquam
1593 1710 1647 1741 se
1675 1696 1830 1742 vertit

336 1776 392 1818 et
420 1785 535 1816 cum
565 1785 629 1815 ex
660 1784 793 1832 aqua
822 1771 980 1815 oritur
1009 1773 1115 1824 ae'r,
1141 1784 1205 1814 ex
1235 1773 1355 1815 aere
1386 1766 1582 1825 aether,
1611 1783 1829 1831 cumque

337 1843 518 1891 eadem
554 1845 769 1889 vicissim
802 1849 940 1889 retro
976 1849 1294 1897 commeant3
1344 1842 1520 1905 quodsi
1568 1857 1628 1889 ea
1674 1844 1831 1889 inter-

338 1923 461 1964 eunt
479 1932 506 1963 e
524 1916 704 1979 quibus
724 1922 925 1962 constat
943 1931 1093 1962 omne
1118 1914 1320 1972 animal,
1338 1914 1531 1961 nullum
1551 1921 1630 1962 est
1646 1914 1830 1962 animal

258 1996 312 2037 32
336 1992 718 2051 sempiternum.
787 1987 934 2034 XIII.
972 1988 1042 2036 Et
1071 1995 1129 2035 ut
1157 1986 1284 2034 haec
1313 1991 1625 2044 omittamus,
1654 1995 1830 2035 tamen

337 2061 523 2108 animal
564 2060 758 2107 nullum
799 2063 1008 2107 inveniri
1051 2067 1223 2123 potest
1265 2061 1401 2124 quod
1441 2076 1609 2124 neque
1650 2067 1829 2107 natum

336 2151 578 2198 umquam
594 2138 660 2181 sit
677 2141 730 2181 et
746 2150 947 2196 semper
962 2137 1027 2181 sit
1042 2132 1271 2181 futurum
1289 2148 1301 2190 ;
1327 2149 1476 2181 omne
1493 2136 1626 2180 enim
1644 2133 1829 2181 animal

336 2224 510 2256 sensus
546 2206 740 2264 habet;
793 2209 951 2254 sentit
986 2210 1143 2271 igitur
1178 2213 1233 2254 et
1267 2206 1429 2254 calida
1465 2213 1519 2254 et
1554 2205 1738 2271 frigida
1774 2214 1828 2256 et

397 2367 415 2395 ¹
443 2372 637 2410 necesset
657 2369 775 2409 enim
793 2381 865 2419 pr.
890 2367 958 2408 B:
999 2380 1173 2408 necesse
1194 2371 1273 2408 est.
1314 2368 1476 2408 etenim
1497 2367 1551 2408 ci.
1574 2366 1797 2420 Plasberq.

399 2422 417 2449 ²
445 2423 542 2463 secl.
575 2422 847 2463 Schrzfmann:
896 2422 932 2462 si
962 2422 1112 2461 omnia
1141 2435 1164 2462 e
1198 2421 1360 2474 quibus
1389 2433 1506 2474 quae
1533 2426 1638 2462 sunt
1667 2426 1826 2463 cuneta

342 2480 547 2517 constant
568 2475 812 2528 Heindorf:
843 2476 878 2515 si
900 2488 953 2515 ea
971 2488 995 2514 e
1015 2474 1177 2526 quibus
1197 2478 1403 2516 constant
1422 2476 1573 2516 omnia
1592 2487 1708 2527 quae
1722 2479 1825 2519 sunt

337 2530 520 2583 Mayor=
552 2530 754 2570 lacunam
773 2529 920 2581 siqnat
939 2528 1164 2582 Plasberq.

347 2598 444 2640 814
