1919 3006
934 211 1186 260 CICERO

305 339 656 387 definitionem
683 356 838 403 quam
865 339 1008 386 Philo
1035 339 1194 386 voluit
1223 345 1454 386 evertere
1477 353 1490 395 ;
1535 356 1689 404 quam
1715 341 1808 386 nisi

306 416 612 470 obtinemus,
635 418 828 477 percipi
851 414 974 460 nihil
997 431 1146 477 posse
1170 415 1508 462 concedimus.

239 498 290 539 19
374 489 490 536 VII.
531 489 558 506 “
580 489 851 537 Ordiamur
866 493 1021 553 igitur
1041 507 1071 536 a
1089 490 1335 546 sensibus,
1353 506 1567 553 quorum
1584 492 1658 536 ita
1677 488 1810 536 clara

306 564 490 611 iudicia
534 570 588 611 et
631 571 771 611 certa
814 571 933 611 sunt
976 571 1035 610 ut
1077 567 1118 610 si
1161 567 1302 626 optio
1345 571 1561 610 naturae
1604 570 1810 610 nostrae

307 639 458 686 detur
494 645 548 686 et
584 639 649 686 ab
686 655 747 686 ea
782 639 907 686 deus
945 639 1099 702 aliqui
1133 642 1362 702 requirat
1397 645 1708 686 contentane
1745 642 1812 686 sit

306 717 406 761 suis
462 717 674 778 integris
727 717 1131 777 incorruptisque
1186 715 1413 761 sensibus
1468 730 1534 760 an
1584 713 1812 777 postulet

306 788 485 835 melius
528 788 735 851 aliquid,
775 805 877 835 non
918 789 1118 835 videam
1160 788 1281 851 quid
1322 795 1537 852 quaerat
1578 787 1806 851 amplius.

308 861 415 909 Nec
447 878 565 909 vero
598 862 693 909 hoc
724 861 833 909 loco
868 862 1271 925 exspectandum
1305 869 1384 909 est
1416 862 1538 909 dum
1570 861 1635 909 de
1666 878 1809 910 remo

305 936 492 983 inflexo
520 944 610 984 aut
634 937 699 984 de
725 937 850 984 collo
877 937 1141 985 columbae
1165 937 1520 1000 respondeam,
1545 953 1647 983 non
1673 939 1808 984 enim

306 1016 347 1059 is
383 1028 494 1059 sum
530 1016 617 1076 qui
652 1013 899 1076 quidquid
934 1013 1135 1060 videtur
1169 1013 1274 1060 tale
1310 1013 1475 1060 dicam
1511 1029 1621 1060 esse
1657 1013 1807 1076 quale

303 1088 552 1135 videatur.
615 1088 861 1151 Epicurus
889 1087 985 1135 hoc
1012 1089 1212 1145 viderit,
1242 1095 1296 1135 et
1324 1088 1422 1135 alia
1447 1087 1611 1135 multa
1633 1103 1645 1143 ;
1690 1104 1806 1135 meo

303 1170 479 1210 autem
509 1163 692 1210 iudicio
722 1167 797 1210 ita
827 1171 906 1210 est
936 1167 1159 1210 maxima
1188 1167 1241 1210 in
1271 1164 1499 1210 sensibus
1530 1166 1734 1220 veritas,
1765 1166 1808 1210 si

305 1244 359 1284 et
389 1241 498 1284 sani
529 1245 649 1284 sunt
681 1254 739 1284 ac
769 1237 998 1284 valentes
1031 1245 1086 1284 et
1117 1241 1286 1284 omnia
1315 1244 1642 1284 removentur
1673 1253 1806 1300 quae

303 1313 511 1359 obstant
534 1319 587 1359 et
608 1312 909 1375 impediunt.
968 1312 1152 1375 Itaque
1176 1319 1229 1359 et
1248 1312 1423 1358 lumen
1443 1314 1631 1358 mutari
1651 1327 1806 1374 saepe

302 1386 532 1433 volumus
578 1393 633 1433 et
676 1390 801 1433 situs
848 1403 1023 1433 earum
1065 1403 1235 1433 rerum
1280 1402 1405 1449 quas
1448 1389 1708 1433 intuemur
1751 1392 1806 1433 et

302 1461 569 1508 intervalla
602 1468 692 1508 aut
725 1460 1067 1508 contrahimus
1103 1468 1192 1508 aut
1225 1461 1507 1508 diducimus
1539 1460 1805 1524 multaque

302 1534 513 1582 facimus
542 1551 701 1598 usque
731 1552 790 1582 eo
819 1535 941 1582 dum
969 1542 1203 1599 aspectus
1229 1538 1339 1598 ipse
1366 1535 1520 1582 fidem
1546 1533 1702 1581 faciat
1728 1537 1805 1581 sui

302 1609 468 1656 iudici.
527 1608 678 1668 Quod
700 1609 838 1657 idem
861 1609 919 1657 fit
942 1612 995 1656 in
1017 1610 1239 1665 vocibus,
1261 1612 1315 1656 in
1337 1609 1509 1665 odore,
1532 1611 1584 1655 in
1607 1625 1806 1672 sapore,

303 1692 362 1731 ut
400 1701 550 1731 nemo
590 1688 656 1732 sit
694 1691 924 1731 nostrum
963 1688 1049 1748 qui
1087 1687 1140 1731 in
1177 1685 1406 1731 sensibus
1446 1687 1522 1730 sui
1561 1687 1804 1747 cuiusque

228 1769 282 1808 20
303 1763 503 1823 generis
555 1759 797 1806 iudicium
848 1762 1075 1823 requirat
1126 1763 1301 1806 acrius.
1388 1758 1636 1806 Adhibita
1686 1775 1804 1806 vero

304 1837 671 1881 exercitatione
718 1841 772 1881 et
817 1841 945 1890 arte,
991 1841 1050 1881 ut
1094 1834 1224 1881 oculi
1267 1836 1467 1896 pictura
1509 1840 1803 1891 teneantur,

303 1925 448 1956 aures
485 1909 755 1965 cantibUS,¹
789 1912 900 1972 quis
935 1915 1013 1956 est
1045 1912 1168 1972 quin
1200 1915 1376 1955 cernat
1408 1915 1601 1972 quanta
1633 1911 1704 1955 vis
1737 1912 1803 1956 sit

301 1987 353 2030 in
378 1985 606 2030 sensibus
630 1984 648 2029 ?
709 1983 877 2042 Quam
902 1983 1065 2030 multa
1090 1983 1266 2031 vident
1291 1986 1509 2046 pictores
1535 1985 1588 2030 in
1612 1983 1802 2030 umbris

302 2065 355 2105 et
379 2061 431 2104 in
457 2062 735 2105 eminentia
759 2074 890 2122 quae
916 2074 1005 2105 nos
1031 2075 1132 2105 non
1156 2058 1384 2105 videmus
1408 2058 1418 2105 !
1463 2074 1617 2121 quam
1640 2058 1803 2105 multa

301 2149 432 2195 quae
469 2148 558 2180 nos
594 2131 798 2196 fugiunt
833 2136 886 2179 in
921 2139 1075 2179 cantu
1112 2132 1393 2179 exaudiunt
1427 2134 1480 2179 in
1516 2148 1576 2179 00
1611 2148 1801 2196 genere

302 2210 586 2264 exercitati,
614 2211 699 2271 qui
732 2211 894 2270 primo
927 2207 1107 2255 inflatu
1139 2208 1357 2254 tibicinis
1385 2208 1664 2270 Antiopam
1691 2223 1801 2254 esse

655 2317 670 2340 ²
701 2319 752 2356 ut
781 2346 791 2357 .
823 2346 834 2356 .
867 2346 878 2357 .
907 2315 1112 2356 cantibus
1132 2315 1230 2356 secl.
1253 2315 1430 2356 Davies.

360 2405 379 2424 ⁰
408 2401 494 2448 i.e.,
514 2413 572 2440 an
603 2413 682 2440 oar
714 2400 811 2440 half
839 2402 883 2439 in
915 2400 990 2440 the
1020 2403 1169 2447 water,
1197 2412 1246 2440 as
1276 2412 1379 2440 seen
1409 2399 1525 2440 from
1555 2398 1631 2440 the
1660 2398 1798 2447 boat3

304 2454 389 2493 this
408 2467 508 2495 case
528 2454 577 2494 of
592 2454 826 2494 refraction
848 2453 937 2494 and
958 2454 1032 2493 the
1051 2454 1278 2505 changing
1297 2452 1469 2494 colours
1489 2452 1539 2494 of
1553 2466 1581 2493 a
1600 2452 1800 2505 pigeon’s

305 2507 418 2548 neck
436 2522 547 2548 were
564 2510 783 2548 instances
801 2507 851 2548 of
863 2512 1082 2560 apparent
1098 2507 1330 2560 deception
1348 2507 1397 2548 of
1409 2507 1484 2548 the
1500 2519 1647 2548 senses
1665 2506 1798 2549 much

304 2561 411 2602 used
432 2562 492 2614 by
513 2562 587 2603 the
607 2562 803 2614 Sceptics
823 2579 835 2610 ς
870 2561 928 2615 cf.
950 2565 969 2610 ἓ
990 2564 1058 2603 79.

305 2632 401 2679 492
