1919 3006
984 197 1235 245 CICERO

365 329 418 377 hi
449 331 549 378 duo
579 328 687 376 illos
720 328 886 376 oculos
920 345 1037 375 orae
1078 331 1381 376 maritumae
1421 328 1722 386 effoderunt,
1753 345 1854 377 non

364 419 520 462 iratus
547 413 699 475 aliqui
725 428 877 475 quem
903 415 1104 459 omnino
1129 415 1272 458 irasci
1296 429 1443 474 posse
1469 416 1685 476 negatis,
1710 413 1850 460 deus.

286 505 341 547 92
365 501 437 546 At
459 499 725 545 subvenire
747 503 886 543 certe
920 500 1090 559 potuit
1125 503 1178 543 et
1206 513 1501 543 conservare
1522 497 1658 544 urbis
1680 503 1851 543 tantas

363 590 519 646 atque
543 580 657 628 talis
677 596 688 636 ;
713 578 955 625 ΧΧΧΙΧ.
977 596 1062 626 vos
1083 582 1217 626 enim
1236 583 1329 643 ipsi
1349 580 1516 627 dicere
1540 579 1711 627 soletis
1730 578 1852 626 nihil

364 682 473 713 esse
510 665 645 728 quod
681 664 804 711 deus
841 663 1037 710 efficere
1072 680 1173 710 non
1206 666 1382 726 possit,
1417 670 1472 710 et
1506 663 1713 726 quidem
1746 665 1853 710 sine

363 751 534 798 labore
568 749 703 805 ullo;
755 756 814 795 ut
848 752 983 795 enim
1015 747 1276 795 hominum
1309 749 1539 795 membra
1570 747 1708 795 nulla
1739 764 1854 795 con-

362 837 594 882 tentione
638 840 815 879 mente
859 836 968 895 ipsa
1013 849 1071 879 ac
1116 831 1379 880 voluntate
1423 839 1740 889 moveantur,
1784 834 1855 879 sic

362 922 569 966 numine
593 919 803 965 deorum
828 920 997 963 omnia
1020 917 1143 981 fingi
1165 920 1356 964 moveri
1378 920 1666 980 mutarique
1689 932 1851 979 posse.

361 1002 542 1066 Neque
556 1002 609 1049 id
622 1002 785 1048 dicitis
800 1003 1147 1063 superstitiose
1163 1007 1318 1063 atque
1333 999 1533 1047 aniliter
1544 1000 1636 1047 sed
1646 998 1855 1064 physica

361 1088 716 1148 constantique
739 1087 935 1130 ratione
958 1099 970 1140 ;
1010 1087 1278 1130 materiam
1302 1087 1437 1130 enim
1457 1100 1644 1140 rerum,
1667 1098 1731 1130 ex
1753 1099 1854 1147 qua

363 1176 417 1218 et
444 1173 496 1216 in
526 1185 627 1233 qua
655 1171 824 1215 omnia
853 1171 971 1223 sint,
1000 1174 1165 1214 totam
1196 1183 1305 1214 esse
1334 1166 1609 1214 flexibilem
1639 1173 1693 1214 et
1720 1183 1854 1213 com-

362 1251 679 1308 mutabilem,
722 1258 781 1299 ut
823 1250 946 1297 nihil
987 1253 1053 1297 sit
1095 1251 1232 1314 quod
1273 1267 1374 1298 non
1416 1266 1480 1297 ex
1523 1267 1585 1298 ea
1626 1252 1853 1314 quamvis

362 1338 529 1384 subito
550 1337 671 1400 fingi
691 1338 1017 1398 convertique
1038 1339 1196 1398 possit
1218 1351 1230 1392 ;
1269 1338 1375 1382 eius
1397 1342 1570 1382 autem
1590 1337 1852 1382 universae

361 1422 602 1469 fictricem
620 1428 673 1468 et
687 1421 1076 1468 moderatricem
1094 1421 1314 1467 divinam
1331 1436 1441 1467 esse
1455 1420 1853 1483 providentiam;

360 1506 489 1553 hanc
529 1509 703 1570 igitur,
745 1521 1065 1569 quocumque
1107 1521 1162 1552 se
1203 1512 1425 1562 moveat,
1467 1504 1664 1552 efficere
1704 1519 1852 1568 posse

359 1590 600 1654 quicquid
637 1588 773 1636 velit.
845 1588 1030 1652 Itaque
1067 1595 1158 1635 aut
1193 1592 1355 1636 nescit
1391 1589 1515 1652 quid
1548 1591 1725 1652 possit,
1761 1594 1852 1636 aut

359 1673 588 1737 neglegit
628 1688 708 1719 res
750 1671 1015 1728 humanas,
1058 1678 1148 1718 aut
1189 1672 1312 1735 quid
1353 1674 1419 1718 sit
1460 1674 1709 1734 optimum
1751 1687 1852 1718 non

282 1764 336 1806 93
359 1764 531 1820 potest
579 1757 817 1803 iudicare.
917 1755 927 1772 ‘
951 1755 1066 1802 Non
1116 1762 1260 1802 curat
1309 1754 1530 1819 singulos
1587 1753 1851 1803 homines.'

360 1841 474 1888 Non
510 1844 723 1887 mirum:
769 1856 833 1886 ne
862 1842 1093 1887 civitates
1121 1840 1342 1903 quidem.
1403 1838 1519 1886 Non
1556 1839 1698 1886 easl?
1772 1837 1850 1886 Ne

359 1928 590 1972 nationes
622 1924 828 1987 quidem
860 1930 914 1970 et
943 1930 1141 1987 gentes.
1207 1922 1399 1981 Quodsi
1428 1920 1518 1969 has
1550 1925 1706 1969 etiam
1735 1938 1851 1970 con-

359 2015 577 2064 temnet,
601 2008 722 2071 quid
743 2010 926 2053 mirum
949 2013 1028 2053 est
1049 2022 1198 2053 omne
1222 2006 1286 2053 ab
1309 2022 1371 2052 ea
1390 2021 1551 2069 genus
1572 2003 1850 2052 humanum

363 2107 471 2138 esse
498 2097 850 2153 contemptum
873 2090 891 2136 ?
951 2088 1053 2137 Sed
1078 2106 1177 2152 quo
1203 2089 1354 2136 modo
1379 2088 1534 2135 iidem
1559 2088 1724 2135 dicitis
1749 2104 1850 2135 non

361 2176 530 2221 omnia
556 2173 677 2220 deos
704 2175 958 2236 persequi,
984 2172 1139 2219 iidem
1167 2170 1313 2218 voltis
1341 2187 1372 2217 a
1398 2171 1473 2218 dis
1500 2169 1849 2217 inmortalibus

361 2257 646 2304 hominibus
683 2256 936 2319 dispertiri
961 2271 1018 2302 ac
1047 2255 1201 2302 dividi
1237 2254 1466 2301 somnia?
1502 2253 1685 2301 idcirco
1720 2251 1847 2300 haec

361 2348 531 2388 tecum
574 2343 692 2404 quia
724 2347 892 2386 vestra
925 2346 1002 2386 est
1044 2339 1108 2386 de
1149 2340 1455 2385 somniorum
1489 2339 1706 2384 veritate
1737 2352 1849 2384 sen-

362 2427 541 2471 tentia.
626 2424 801 2486 Atque
856 2423 1010 2469 iidem
1067 2424 1222 2468 etiam
1275 2428 1394 2468 vota
1447 2422 1630 2483 suscipi
1684 2419 1848 2467 dicitis

791 2550 810 2576 ²
837 2564 927 2592 non
947 2549 1127 2596 <mod0>
1146 2562 1220 2591 eas
1244 2548 1426 2592 M‘e'lller.

364 2632 459 2679 878
