1919 3006
949 189 1200 237 CICERO

324 312 518 362 factum
554 322 710 378 atque
752 323 1019 378 peccatum
1054 316 1269 363 officium
1306 323 1359 364 et
1397 323 1574 364 contra
1605 317 1820 365 officium

325 382 494 429 media
532 383 734 430 locabat
775 384 1045 446 quaedam,
1085 391 1225 431 recte
1265 383 1403 431 facta
1442 384 1547 431 sola
1586 388 1638 431 in
1676 385 1821 432 bonis

327 448 668 514 [actionibus]l
694 466 904 512 ponens,
928 467 1100 513 prave,
1125 451 1178 498 id
1207 458 1286 498 est
1313 459 1542 514 peccata,
1566 455 1618 498 in
1645 452 1822 508 malis;

323 517 484 563 officia
499 524 692 564 autem2
708 525 910 565 servata
923 522 1384 582 praetermissaque
1398 520 1569 566 media
1586 520 1823 581 putabat,

246 593 301 635 38
326 591 384 631 ut
407 585 526 632 dixi.
596 584 827 648 Cumque
850 589 1132 648 superiores
1156 603 1258 632 non
1281 603 1485 633 omnem
1508 589 1751 633 virtutem
1773 590 1826 633 in

325 655 523 698 ratione
562 668 672 699 esse
710 653 941 700 dicerent
978 653 1069 700 sed
1107 654 1353 716 quasdam
1391 657 1605 701 virtutes
1644 661 1827 700 natura

326 726 416 766 aut
447 736 588 766 more
621 719 894 782 perfectas,
927 719 1007 767 hic
1041 737 1215 767 omnes
1248 724 1301 767 in
1333 724 1531 768 ratione
1563 722 1826 784 ponebat3

325 802 542 849 cumque
590 787 659 833 illi
707 803 768 834 ea
814 804 1005 851 genera
1051 791 1297 835 virtutum
1345 805 1477 852 quae
1523 805 1675 851 supra
1721 789 1826 835 dixi

323 857 521 917 seiungi
543 871 690 916 posse
716 855 1099 912 arbitrarentur,
1123 855 1204 902 hic
1227 872 1321 902 nec
1343 856 1396 903 id
1419 856 1520 902 ullo
1542 856 1694 903 modo
1718 856 1826 903 fieri

323 937 471 984 posse
489 922 771 969 disserebat
788 939 882 969 nec
893 926 1092 969 virtutis
1105 939 1252 970 usum
1269 924 1437 979 modo,
1449 930 1508 970 ut
1523 926 1826 986 superiores,

323 989 414 1035 sed
432 992 598 1052 ipsum
617 989 849 1036 habitum
869 1007 960 1053 per
979 1007 1034 1037 se
1055 1007 1164 1037 esse
1184 991 1517 1053 praeclarum,
1536 1007 1631 1037 nec
1649 997 1826 1037 tamen

323 1059 567 1103 virtutem
601 1060 836 1120 cuiquam
873 1058 1051 1104 adesse
1087 1061 1209 1121 quin
1244 1074 1306 1104 ea
1339 1074 1541 1121 semper
1574 1065 1823 1105 uteretur.

323 1122 556 1187 Cumque
594 1125 1034 1187 perturbationem
1074 1129 1227 1171 animi
1265 1125 1336 1172 illi
1377 1142 1440 1172 ex
1479 1125 1684 1172 homine
1723 1142 1824 1171 non

322 1190 580 1247 tollerent,
609 1199 895 1255 naturaque
925 1199 979 1239 et
1006 1193 1359 1240 condolescere
1389 1200 1443 1240 et
1471 1196 1825 1256 concupiscere

325 1265 380 1305 et
402 1262 736 1306 extimescere
761 1267 814 1307 et
837 1258 1001 1306 efferri
1021 1260 1222 1307 laetitia
1243 1261 1489 1316 dicerent,
1512 1261 1603 1307 sed
1626 1276 1688 1307 ea
1709 1276 1824 1306 con-

321 1325 588 1374 traherent
619 1330 672 1374 in
705 1334 1083 1391 angustumque
1116 1328 1448 1384 deducerent,
1480 1327 1561 1374 hic
1592 1328 1824 1374 omnibus

243 1402 298 1443 39
323 1392 398 1440 his
434 1397 577 1457 quasi
610 1395 797 1441 morbis
833 1395 992 1442 voluit
1026 1411 1197 1442 carere
1233 1398 1553 1457 sapientem3
1606 1410 1824 1457 cumque

325 1477 409 1507 eas
434 1462 845 1524 perturbationes
873 1466 1069 1525 antiqui
1094 1463 1351 1509 naturales
1379 1479 1489 1509 esse
1515 1463 1744 1510 dicerent
1770 1468 1824 1510 et

321 1531 529 1575 rationis
553 1537 808 1592 expertes,
832 1530 1031 1593 aliaque
1052 1533 1104 1576 in
1125 1536 1272 1593 parte
1295 1533 1448 1576 animi
1469 1530 1823 1593 cupiditatem,

322 1596 420 1642 alia
457 1600 708 1643 rationem
746 1597 1067 1654 collocarent,
1105 1613 1171 1644 ne
1208 1596 1284 1644 his
1323 1598 1531 1660 quidem
1569 1597 1823 1644 adsentie-

318 1663 487 1719 batur,
507 1681 626 1710 nam
646 1672 700 1711 et
717 1665 1127 1727 perturbationes
1147 1665 1454 1711 voluntarias
1475 1681 1585 1711 esse
1603 1665 1824 1727 putabat

323 1734 672 1795 opinionisque
719 1732 903 1779 iudicio
952 1735 1135 1794 suscipi
1184 1739 1238 1779 et
1285 1736 1510 1779 omnium
1557 1732 1823 1795 perturba-

325 1801 522 1845 tionum
578 1806 798 1845 matrem
855 1815 965 1846 esse
1023 1800 1366 1846 arbitrabatur
1430 1799 1817 1846 immoderatam

320 1866 578 1928 quandam
598 1870 1062 1930 intemperantiam.
1132 1866 1276 1913 Haec
1294 1865 1404 1914 fere
1425 1867 1490 1914 de
1508 1867 1746 1913 moribus.

383 1933 474 1979 XI.
511 1932 538 1949 “
560 1933 642 1980 De
667 1937 859 1981 naturis
881 1941 1055 1981 autem
1074 1937 1144 1980 sic
1162 1935 1437 1990 sentiebat,
1455 1937 1675 1997 primum
1693 1936 1823 1981 utin

320 2007 564 2063 quattuor
589 2004 743 2048 initiis
769 2018 938 2048 rerum
963 2001 1057 2048 illis
1084 2005 1316 2065 quintam
1339 2001 1471 2048 hanc
1494 2008 1731 2048 naturam
1758 2016 1822 2047 ex

320 2083 422 2130 qua
447 2072 729 2131 superiores
757 2085 931 2116 sensus
961 2076 1015 2116 et
1040 2076 1270 2116 mentem
1297 2069 1424 2116 effici
1449 2069 1694 2116 rebantur
1721 2084 1822 2115 non

434 2175 451 2200 ²
479 2176 546 2217 ed.
891 2177 908 2202 ²
935 2180 1086 2217 autem
1105 2175 1344 2217 Lambinus
1363 2193 1374 2217 ε
1404 2179 1555 2217 autem
1574 2179 1620 2217 et
1635 2176 1759 2217 codd.

365 2287 384 2306 ⁶
415 2281 613 2333 Officium
651 2285 686 2324 is
726 2283 916 2325 Cicero’s
950 2283 1187 2336 rendering
1218 2284 1271 2324 of
1307 2287 1496 2332 καθῆκον,
1536 2282 1590 2324 ‘a
1626 2282 1818 2325 suitable

322 2338 424 2384 act‚'
465 2336 674 2389 foi-mally
718 2338 838 2389 right
876 2339 921 2378 in
959 2337 1033 2379 the
1077 2341 1434 2385 circumstances,
1473 2337 1695 2379 whatever
1740 2337 1816 2379 the

323 2393 486 2431 motive
507 2392 557 2431 of
571 2391 646 2432 the
665 2395 813 2443 agent.
1330 2391 1345 2415 ⁶
1375 2393 1462 2439 i.e.‚
1486 2395 1622 2432 καλόν.

379 2450 395 2469 ⁶
426 2445 500 2492 So,
524 2447 568 2485 in
592 2459 619 2485 a
640 2444 750 2485 later
773 2444 997 2497 theology‚
1020 2445 1132 2484 saith
1157 2446 1191 2485 is
1216 2445 1479 2486 manifested
1502 2447 1546 2486 in
1570 2443 1731 2488 works.

377 2498 397 2522 ‘¹
429 2498 609 2539 Morbus
631 2501 666 2539 is
687 2513 715 2539 a
735 2499 996 2539 translation
1018 2499 1068 2539 of
1085 2501 1223 2540 πάθος.

381 2558 396 2577 ⁸
425 2554 510 2601 i.e.,
529 2553 604 2594 the
622 2552 847 2594 elements.
1349 2552 1369 2581 ἵ
1397 2551 1481 2595 See
1501 2557 1521 2601 ἓ
1541 2555 1612 2595 26.

321 2614 416 2663 446
