1919 3006
927 168 1178 218 CICERO

306 300 536 362 equitare
562 305 615 346 et
635 301 688 345 in
711 302 817 345 acie
840 316 1068 363 pugnare
1090 302 1316 363 potuisse
1338 300 1358 347 ?
1400 307 1489 348 aut
1511 303 1552 348 si
1573 299 1668 349 hoc
1691 300 1798 348 fieri

308 379 533 438 potuisse
559 377 697 432 dicis,
723 377 904 424 doceas
929 384 1132 440 oportet
1157 395 1256 442 quo
1280 378 1448 435 modo,
1472 394 1566 427 nec
1589 378 1800 427 fabellas

311 453 466 501 aniles
499 453 779 517 proferas.”

236 535 286 577 13
373 531 503 578 Tum
550 530 769 579 Lucilius
815 530 845 548 “
867 532 951 579 An
1000 533 1094 579 tibi
1118 531 1146 548 '⁹
1193 535 1360 596 inquit
1408 539 1439 562 “
1460 532 1678 590 fabellae
1729 535 1801 580 vi-

310 607 496 656 dentur
517 609 536 656 ?
599 608 780 656 Nonne
806 609 870 656 ab
895 610 958 656 A.
1035 609 1294 657 Postumio
1320 610 1502 657 aedem
1526 609 1722 657 Castori
1747 616 1801 658 et

310 684 500 733 Polluci
527 689 579 733 in
609 685 717 734 foro
748 687 1053 744 dedicatam,
1082 704 1251 734 nonne
1280 694 1488 735 senatus
1517 687 1803 735 consultum

315 763 379 811 de
406 763 609 811 Vatinio
636 764 774 811 vides
799 765 816 811 ?
878 764 1009 811 Nam
1036 765 1101 812 de
1128 763 1286 829 Sagra
1313 765 1621 812 Graecorum
1646 768 1802 812 etiam

314 847 393 888 est
419 840 622 905 volgare
648 842 988 905 proverbium,
1016 846 1103 906 qui
1131 859 1261 906 quae
1290 842 1561 890 adfirmant
1588 845 1804 889 certiora

313 933 422 965 esse
447 919 623 966 dicunt
647 935 801 983 quam
822 919 908 966 illa
932 935 1063 983 quae
1089 920 1225 983 apud
1247 918 1473 984 Sagram.
1531 919 1624 967 His
1647 922 1804 984 igitur

313 997 600 1044 auctoribus
624 1013 792 1044 nonne
816 997 972 1044 debes
995 1000 1187 1044 moveri
1208 998 1227 1045 ?
1247 995 1277 1013 ’⁹

373 1073 502 1120 Tum
523 1073 677 1121 Cotta
696 1073 724 1090 “
749 1073 1051 1122 Rumoribus
1074 1073 1288 1138 ”inquit
1312 1073 1341 1091 “
1363 1090 1564 1121 mecum
1586 1089 1803 1138 pugnas,

310 1150 486 1208 Balbe,
517 1168 613 1216 ego
644 1159 818 1199 autem
849 1169 879 1199 a
907 1159 962 1199 te
991 1155 1213 1199 rationes
1242 1155 1442 1215 requiro
1479 1188 1490 1199 .
1528 1187 1540 1200 .
1577 1156 1612 1199 .²

235 1233 288 1274 14
374 1228 461 1276 VI.
500 1228 527 1245 “
553 1265 563 1276 .
603 1266 613 1276 .
651 1265 663 1277 .
699 1236 982 1293 sequuntur
1010 1246 1142 1293 quae
1174 1228 1346 1276 futura
1381 1236 1534 1285 sunt3
1577 1227 1800 1292 effugere

313 1308 448 1352 enim
463 1322 612 1353 nemo
627 1306 679 1354 id
694 1314 867 1369 potest
885 1307 1022 1371 quod
1039 1306 1268 1354 futurum
1288 1313 1381 1353 est.
1443 1305 1606 1369 Saepe
1626 1312 1801 1352 autem

311 1400 375 1431 ne
404 1384 527 1431 utile
554 1385 761 1448 quidem
786 1391 865 1432 est
885 1388 1010 1432 56116
1032 1385 1154 1448 quid
1173 1383 1402 1432 futurum
1422 1387 1488 1431 sit
1510 1399 1523 1440 ;
1560 1386 1799 1430 miserum

313 1468 391 1508 est
424 1465 558 1508 enim
591 1461 713 1508 nihil
745 1462 1094 1525 proficientem
1120 1464 1238 1526 angi
1261 1478 1355 1509 1166
1382 1460 1572 1508 habere
1600 1476 1665 1508 ne
1695 1461 1804 1523 spei

313 1540 519 1603 quidem
538 1549 824 1587 extremum
843 1547 897 1587 et
913 1547 1088 1587 tamen
1104 1555 1370 1587 commune
1387 1538 1644 1594 solacium,
1658 1553 1804 1601 prae-

312 1620 487 1664 sertim
517 1633 632 1664 cum
663 1634 749 1664 vos
779 1618 935 1665 iidem
964 1616 1072 1664 fato
1104 1617 1212 1663 fieri
1242 1617 1421 1664 dicatis
1451 1618 1636 1671 omnia,
1666 1614 1803 1678 quod

313 1701 488 1742 autem
520 1711 720 1757 semper
753 1711 816 1742 ex
848 1698 984 1742 omni
1016 1698 1324 1742 aeternitate
1356 1710 1532 1741 verum
1562 1692 1718 1740 fuerit
1748 1692 1802 1740 id

315 1787 424 1819 esse
461 1770 660 1819 fatum:
717 1772 839 1836 quid
875 1775 1031 1836 igitur
1066 1775 1208 1820 iuvat
1245 1778 1335 1818 aut
1372 1771 1495 1834 quid
1531 1768 1699 1818 adfert
1736 1769 1803 1817 ad

314 1850 595 1896 cavendum
614 1853 739 1897 56116
760 1849 949 1913 aliquid
963 1848 1209 1906 futurum,
1224 1866 1339 1896 cum
1353 1849 1406 1896 id
1420 1855 1559 1895 certe
1573 1846 1802 1894 futurum

316 1929 382 1973 sit
403 1927 421 1973 ?
477 1926 629 1974 Unde
649 1943 796 1990 porro
817 1930 915 1974 ista
936 1927 1177 1974 divinatio
1199 1927 1218 1974 ?
1273 1925 1397 1985 Quis
1417 1928 1611 1972 invenit
1632 1924 1802 1972 fissum

315 2007 508 2060 iecoris,
553 2008 662 2068 quis
705 2007 912 2051 cornicis
955 2011 1161 2051 cantum
1204 2006 1417 2060 notavit,
1461 2006 1571 2066 quis
1613 2005 1759 2049 sortis
1782 2001 1802 2048 Ρ

317 2079 511 2138 Quibus
538 2098 632 2146 ego
657 2082 825 2138 credo,
843 2098 938 2129 nec
960 2098 1165 2145 possum
1183 2082 1298 2129 Atti
1323 2080 1468 2128 Navii
1493 2096 1646 2144 quem
1670 2095 1804 2126 com-

314 2159 630 2206 memorabas
664 2158 847 2207 lituum
883 2166 1240 2216 contemnere3
1281 2159 1373 2206 sed
1403 2160 1488 2221 qui
1523 2160 1622 2205 ista
1654 2155 1803 2203 intel·

699 2267 717 2293 ²
747 2267 950 2308 lacunam
968 2267 1162 2320 siqnavit
1189 2266 1420 2307 Victorius.

378 2419 398 2440 ⁰
428 2415 469 2455 A
488 2418 589 2467 part
606 2414 657 2456 of
671 2413 838 2455 Cotta's
856 2417 1093 2467 argument
1110 2413 1190 2454 has
1208 2413 1311 2454 here
1328 2412 1440 2453 been
1458 2411 1557 2460 lost,
1576 2410 1805 2464 including

320 2482 348 2510 a
373 2471 603 2509 transition
626 2472 672 2509 to
696 2468 771 2508 the
795 2468 965 2520 subject
988 2468 1039 2508 of
1058 2467 1315 2520 prophecies
1339 2466 1428 2508 and
1452 2467 1804 2518 presentiments.

326 2522 396 2575 Cf.
418 2523 530 2576 infr.
555 2526 604 2564 16
626 2522 716 2563 and
740 2521 869 2563 Book
890 2522 951 2563 ΙΙ.
974 2524 1016 2565 7.
1367 2521 1383 2546 ⁶
1416 2519 1545 2562 Book
1565 2519 1627 2562 ΙΙ.
1646 2522 1690 2562 9.

327 2593 421 2641 298
