1853 3001
890 187 1141 236 CICERO

271 322 555 371 errantibus
589 320 725 383 quod
758 319 969 365 efficitur
1000 322 1052 365 in
1084 318 1225 366 caelo
1257 318 1464 384 singulis
1496 320 1674 368 diebus
1706 327 1761 369 et

270 391 519 444 noctibus,
541 391 650 451 quis
672 391 723 433 in
743 386 828 432 illa
846 387 1079 433 barbaria
1100 387 1304 434 dubitet
1324 390 1446 450 quin
1466 404 1527 435 ea
1547 387 1762 451 sphaera

271 462 336 505 sit
377 455 606 520 perfecta
646 458 842 501 ratione
867 455 884 500 ?
952 454 1159 501 XXXV.
1196 454 1265 500 Hi
1307 461 1481 502 autem
1522 456 1761 503 dubitant

272 527 337 572 de
361 524 551 571 mundo
579 539 642 569 ex
669 539 768 584 quo
795 528 849 568 et
874 525 1103 568 oriuntur
1129 528 1183 568 et
1209 521 1337 568 fiunt
1362 525 1548 578 omnia,
1573 539 1759 570 casune

270 597 377 655 ipse
414 594 479 638 sit
516 589 724 636 effectus
762 595 852 635 aut
896 592 1200 635 necessitate
1246 588 1414 652 aliqua
1458 606 1523 636 an
1562 593 1759 637 ratione

271 676 329 706 ac
369 665 544 705 mente
583 657 768 712 divina,
806 663 859 702 et
894 655 1253 703 Archimedem
1297 657 1606 703 arbitrantur
1647 656 1759 719 plus

271 726 485 773 valuisse
519 728 572 771 in
607 723 864 770 imitandis
893 722 1138 786 sphaerae
1171 725 1574 770 conversionibus
1607 740 1760 787 quam

266 801 501 840 naturam
533 795 584 838 in
617 791 906 846 efficiendis,
930 794 1228 853 praesertim
1253 808 1368 837 cum
1399 791 1571 838 multis
1606 794 1761 854 parti-

270 863 363 908 bus
389 863 490 907 sint
512 858 597 905 illa
621 857 850 921 perfecta
879 874 1031 920 quam
1064 857 1190 904 haec
1222 857 1457 905 simulata
1493 858 1757 905 sollertius.

192 935 246 976 89
271 927 468 991 thue1
493 926 576 972 ille
603 926 738 988 apud
757 926 966 971 Accium
986 932 1159 987 pastor
1177 929 1262 988 qui
1282 942 1463 972 navem
1483 941 1760 988 numquam

271 1003 390 1042 ante
416 995 640 1048 vidisset,
661 1000 719 1039 ut
742 992 915 1055 procul
941 993 1166 1039 divinum
1192 999 1246 1039 et
1269 1010 1456 1039 novum
1474 992 1759 1039 vehiculum

269 1065 682 1127 Argonautarum
704 1076 732 1106 e
752 1067 927 1106 monte
949 1063 1230 1122 conspexit,
1249 1063 1412 1123 primo
1434 1061 1685 1108 admirans
1706 1065 1762 1109 et

269 1132 568 1194 perterritus
593 1127 687 1175 hoc
709 1127 860 1174 modo
884 1126 1108 1190 loquitur
1130 1143 1141 1174 :

1090 1217 1216 1253 tanta
1237 1212 1372 1254 moles
1392 1213 1557 1255 labitur

386 1268 672 1311 fremibunda
692 1282 744 1309 ex
765 1266 854 1308 alto
876 1269 1044 1320 ingenti
1064 1269 1211 1308 sonitu
1232 1271 1275 1308 et
1295 1268 1495 1320 spiritu²=

387 1337 494 1377 prae
515 1337 560 1364 se
581 1322 724 1363 undas
745 1321 896 1369 volvit,
917 1323 1098 1362 vertices
1118 1323 1161 1361 vi
1182 1323 1378 1370 suscitat,

389 1380 478 1419 ruit
498 1376 720 1429 prolapsa,
743 1375 928 1428 pelagus
950 1377 1163 1428 respergit
1184 1376 1309 1416 reflat
1327 1392 1338 1422 ς

389 1433 451 1472 ita
471 1431 579 1471 dum
601 1433 896 1482 interruptum
918 1429 1070 1469 credas
1093 1429 1296 1470 nimbum
1316 1428 1494 1478 volvier,

387 1485 497 1526 dum
519 1484 639 1536 quod
661 1483 850 1525 sublime
870 1485 1010 1524 ventis
1032 1482 1264 1536 expulsum
1285 1485 1381 1536 rapi

388 1552 545 1581 saxum
566 1543 645 1579 aut
664 1537 880 1590 procellis,
901 1536 970 1578 vel
990 1537 1198 1589 globosos
1218 1537 1417 1580 turbines

385 1596 568 1635 existere
588 1595 696 1633 ictos
718 1591 849 1632 undis
870 1591 1250 1640 concursantibus,

389 1650 472 1689 nisi
494 1660 604 1699 quas
626 1647 838 1686 terrestris
860 1649 1022 1697 pontus
1043 1649 1212 1698 strages
1233 1646 1416 1694 conciet,

389 1706 468 1743 aut
488 1703 599 1742 forte
621 1700 774 1740 Triton
794 1700 968 1740 fuscina
989 1703 1186 1740 evertens
1207 1712 1364 1751 specus

390 1756 540 1797 subter
561 1754 729 1795 radices
751 1756 925 1805 penitus
947 1753 1135 1794 undanti
1157 1755 1201 1794 in
1221 1755 1335 1794 freto

389 1809 551 1850 molem
572 1823 624 1849 ex
645 1807 868 1860 profundo
889 1821 1068 1848 saxeam
1089 1807 1146 1848 ad
1167 1807 1339 1849 caelum
1360 1808 1486 1850 eruit.

273 1895 494 1942 Dubitat
521 1897 682 1956 primo
711 1908 842 1956 quae
870 1895 936 1939 sit
963 1908 1025 1939 ea
1050 1899 1234 1939 natura
1261 1909 1413 1955 quarn
1440 1894 1602 1939 cernit
1626 1893 1768 1956 igno-

272 1971 380 2010 tam
405 1978 416 2018 ;
481 1962 720 2024 idemque
766 1960 1031 2006 iuvenibus
1078 1962 1192 2006 visis
1240 1960 1517 2023 auditoque
1563 1962 1768 2007 nautico

272 2037 425 2077 cantu
450 2046 460 2075 z

390 2125 554 2178 [sicut]³
577 2126 698 2165 inciti
718 2128 853 2176 atque
873 2123 1038 2164 alacres
1061 2124 1210 2164 rostris
1232 2123 1508 2176 perfremunt

389 2179 644 2231 delphini-—

275 2258 402 2302 item
428 2253 527 2300 alia
551 2252 778 2299 multa—

496 2351 513 2377 ²
543 2355 681 2403 utque
703 2350 912 2402 Plasbery
931 2366 941 2390 e
981 2354 1116 2402 atque
1136 2350 1196 2397 A,
1220 2349 1272 2398 B,
1294 2351 1419 2402 atqui
1440 2349 1544 2393 dett.

669 2405 686 2429 ²
715 2405 871 2456 spiritu
893 2403 1129 2444 Priscian:
1161 2406 1358 2455 strepitu.

569 2459 585 2483 ³
617 2460 730 2499 sicut
749 2471 836 2497 non
857 2457 1005 2497 habuit
1021 2470 1094 2509 pr.
1117 2457 1158 2497 B
1178 2457 1466 2511 (Dieckhoff).

384 2550 403 2569 ⁶
435 2545 552 2584 Born
579 2546 657 2585 170
678 2556 759 2586 mo.
817 2543 912 2584 The
932 2542 1040 2584 lines
1059 2554 1186 2584 came
1203 2543 1320 2584 from
1341 2541 1408 2584 bis
1430 2540 1600 2584 Medea.

276 2616 369 2656 208
