1919 3006
929 187 1181 237 CICERO

302 317 463 378 primo
506 315 720 372 duobus,
755 321 815 362 ut
860 316 982 373 dixi,
1017 318 1303 364 nominibus
1350 334 1468 374 una,
1505 316 1628 365 nihil
1670 322 1802 367 enim

303 386 437 429 inter
486 382 854 446 Peripateticos
907 391 960 431 et
1008 384 1146 431 illam
1196 392 1424 432 veterem
1473 386 1805 434 Academiam

303 449 607 497 differebat:
661 451 976 497 abundantia
1010 452 1230 515 quadam
1264 455 1456 516 ingenii
1488 454 1804 515 praestabat,

302 524 360 563 ut
392 516 516 563 mihi
549 517 757 580 quidem
790 518 1008 574 videtur,
1043 519 1364 575 Aristoteles,
1399 520 1490 567 sed
1522 520 1660 567 idem
1692 519 1804 567 fons

304 591 414 630 erat
439 588 667 647 utrisque
695 592 749 631 et
776 586 956 632 eadem
981 602 1151 633 rerum
1177 587 1582 649 expetendarum
1607 586 1805 651 fugien-

303 652 585 714 darumque
607 655 830 714 partitio.

366 717 424 764 V.
463 718 489 734 “
516 718 618 766 Sed
638 720 760 782 quid
781 736 877 783 ago
900 719 919 765 ?
944 718 972 735 ’'
994 723 1161 783 inquit
1181 719 1208 736 “
1235 727 1325 767 aut
1345 736 1525 767 sumne
1545 736 1695 767 sanus
1717 723 1803 784 qui

302 783 428 831 haec
466 802 551 832 vos
591 786 790 833 doceo?
848 803 967 833 nam
1007 791 1102 833 etsi
1141 804 1242 834 non
1279 804 1362 834 sus
1404 788 1708 843 Minervam,
1746 795 1806 835 ut

303 855 463 908 aiunt,
481 860 658 900 tamen
674 857 851 916 inepte
870 857 1094 917 quisquis
1116 855 1403 901 Minervam
1421 853 1623 902 docet.’'
1673 855 1804 902 Tum

303 920 523 976 Atticus,
559 919 688 967 “Tu
722 920 892 977 vero,''
929 924 1111 984 inquit,
1147 921 1174 937 “
1199 938 1376 986 perge,
1410 922 1604 978 Varro3
1657 921 1804 969 valde

305 990 439 1033 enim
463 1004 577 1034 amo
600 995 773 1035 nostra
797 996 952 1052 atque
976 996 1190 1045 nostros,
1212 1006 1400 1052 meque
1422 993 1521 1036 ista
1543 989 1804 1036 delectant

304 1070 418 1100 cum
456 1054 640 1102 Latine
676 1056 912 1103 dicuntur
950 1063 1003 1102 et
1037 1060 1135 1103 isto
1169 1055 1374 1104 modo.”
1443 1055 1471 1072 “
1497 1055 1633 1115 Quid
1667 1054 1804 1112 me‚”

303 1124 529 1184 inquam,
555 1122 582 1138 “
607 1129 776 1185 putas,
802 1126 889 1186 qui
912 1122 1281 1186 philosophiam
1305 1127 1407 1170 iam
1431 1122 1685 1186 professus
1711 1127 1805 1170 sim

305 1188 491 1251 populo
523 1196 695 1236 nostro
729 1189 1115 1237 exhibiturum?
1141 1189 1168 1206 ”
1234 1190 1261 1207 ‘⁴
1287 1190 1565 1254 Pergamus
1597 1189 1804 1254 igitur,’'

232 1264 281 1303 19
306 1258 488 1318 inquit,
514 1256 540 1272 “
563 1260 802 1320 quoniam
830 1257 1013 1320 placet.
1087 1258 1205 1305 Fuit
1242 1275 1362 1322 ergo
1398 1262 1500 1305 iam
1535 1265 1747 1320 accepta
1776 1274 1805 1304 a

305 1322 518 1370 Platone
553 1323 938 1387 philosophandi
972 1328 1102 1372 ratio
1136 1325 1341 1388 triplex,
1376 1342 1478 1372 una
1511 1325 1576 1372 de
1611 1329 1716 1371 vita
1751 1332 1806 1372 et

307 1391 547 1447 moribus,
584 1391 745 1438 altera
781 1392 845 1439 de
883 1399 1066 1439 natura
1108 1400 1162 1439 et
1198 1394 1349 1439 rebus
1389 1392 1612 1448 occultis,
1651 1395 1806 1439 tertia

308 1458 372 1504 de
418 1458 711 1507 disserendo
755 1466 808 1507 et
855 1460 977 1523 quid
1018 1466 1230 1516 verum,1
1273 1460 1396 1524 quid
1441 1458 1641 1516 falsum,
1683 1459 1805 1522 quid

306 1532 504 1571 rectum
562 1529 614 1572 in
672 1530 901 1573 oratione
958 1544 1251 1590 pravumve,
1298 1528 1421 1591 quid
1466 1530 1804 1581 consentiens,

306 1593 429 1655 quid
463 1610 754 1657 repugnans
790 1600 944 1641 esset²
969 1595 1252 1642 iudicando.
1325 1596 1401 1641 Ac
1425 1597 1643 1657 primum
1667 1593 1804 1640 illam

306 1667 507 1721 partem
530 1661 664 1708 bene
689 1662 889 1709 vivendi
915 1678 944 1708 a
968 1669 1151 1708 natura
1169 1662 1439 1725 petebant³
1458 1665 1606 1725 eique
1624 1677 1805 1724 paren-

307 1727 428 1773 dum
472 1743 582 1774 esse
623 1729 880 1785 dicebant,
920 1745 1088 1792 neque
1134 1729 1236 1775 ulla
1281 1729 1378 1776 alia
1421 1732 1474 1775 in
1518 1745 1573 1775 re
1619 1731 1712 1774 nisi
1752 1732 1804 1774 in

307 1801 490 1840 natura
525 1796 874 1858 quaerendum
909 1812 1018 1843 esse
1054 1796 1177 1843 illud
1213 1813 1466 1843 summum
1488 1796 1679 1843 bonum
1703 1811 1804 1858 quo

307 1865 475 1908 omnia
507 1862 836 1920 referrentur,
861 1864 1346 1927 constituebantque
1376 1871 1664 1910 extremum
1693 1878 1805 1909 esse

305 1944 473 1975 rerum
522 1931 926 1993 expetendarum
974 1938 1028 1978 et
1075 1931 1226 1978 finem
1269 1932 1516 1978 bonorum
1558 1930 1803 1993 adeptum

307 2011 417 2042 esse
465 2001 634 2044 omnia
671 2014 698 2045 e
735 2005 918 2045 natura
961 2005 1014 2045 et
1048 2002 1215 2045 animo
1251 2005 1304 2046 et
1343 2013 1552 2061 corpore
1588 2004 1643 2045 et
1680 2000 1801 2045 vita.

529 2094 546 2120 ²
575 2108 730 2135 verum
753 2099 797 2135 et
816 2095 939 2135 codd.
958 2095 1177 2147 plurimiz
1206 2108 1361 2136 verum
1381 2096 1438 2135 sit
1456 2093 1586 2135 Reid.

536 2148 553 2174 ²
576 2148 1437 2255 repugnansaelsesgtetleziglffirlzegcelpugnet
1453 2148 1578 2189 codd.

366 2291 385 2310 ⁰
415 2287 455 2326 A
481 2287 669 2338 proverb
695 2289 746 2328 of
766 2287 915 2328 Greek
941 2290 1113 2340 originr,
1156 2288 1230 2328 the
1255 2292 1377 2339 story
1402 2301 1460 2328 on
1485 2286 1627 2327 which
1654 2288 1688 2326 it
1712 2299 1802 2327 was

310 2339 446 2380 based
471 2341 576 2381 does
600 2345 678 2381 not
699 2355 817 2382 seem
841 2346 887 2382 to
910 2341 966 2383 be
988 2341 1212 2383 recorded.
1264 2342 1523 2382 Theocritus
1546 2340 1626 2381 has
1649 2341 1684 2380 it
1705 2341 1750 2380 in
1774 2353 1802 2380 a

313 2394 458 2434 rather
493 2394 699 2436 different
731 2395 863 2444 form,
902 2399 940 2436 ὗς
973 2397 1059 2435 ποτ’
1087 2396 1305 2445 Ἀθηναίαν
1339 2399 1419 2446 ἔριν
1453 2400 1587 2444 ἤρισεν
1620 2393 1680 2446 (5.
1710 2394 1801 2445 23),

308 2451 573 2543 sugg-festinet}¹
589 2448 1076 2544 perbapzlapcggglgssge
1094 2453 1140 2490 to
1159 2463 1187 2490 a
1204 2450 1493 2502 competition
1512 2450 1559 2489 in
1578 2447 1733 2490 music.

370 2560 386 2580 ⁶
420 2515 527 2597 ²Veit'a
546 2516 858 2599 ἀὲηοέἐὲἐῐέκτὸς
879 2518 1273 2609 ἀγαθά,Υ“ἐΧῒει·ιιε,1
1294 2554 1467 2609 goods.’

306 2625 400 2666 428
