1853 3001
908 170 1159 218 CICERO

285 301 532 349 tardiores
554 299 618 347 ad
637 299 766 347 hanc
782 303 1093 348 sententiam
1111 300 1450 364 profitendam
1468 299 1654 348 multos
1671 316 1781 348 esse

285 380 463 439 factos,
509 385 697 446 quippe
743 397 859 429 cum
901 398 1121 445 poenam
1165 399 1229 429 ne
1275 382 1528 429 dubitatio
1573 382 1780 446 quidem

288 462 509 527 effugere
529 466 794 526 potuisset.
854 462 990 522 Quid
1014 464 1078 510 de
1098 463 1369 528 sacrilegis,
1390 464 1513 527 quid
1532 464 1595 511 de
1614 466 1779 527 impiis

285 548 600 608 periurisque
625 545 848 592 dicemus
871 545 890 591 ?

1006 662 1206 703 Tubulus
1227 664 1263 704 si
1285 662 1449 704 Lucius
1471 676 1701 716 umquam,

402 718 440 758 si
461 716 614 769 Lupus
636 721 714 757 aut
735 716 880 757 Carbo
902 717 997 758 aut1
1020 717 1218 769 Neptuni
1238 716 1367 766 filius,

284 829 343 869 ut
370 825 442 869 ait
470 822 707 878 Lucilius,
735 830 967 885 putasset
995 839 1104 869 esse
1132 823 1271 879 deos,
1297 830 1406 870 tam
1431 827 1661 886 periurus
1689 829 1779 870 aut

206 910 262 949 64
284 909 392 950 tam
422 907 630 966 inpurus
662 902 882 950 fuisset?
934 904 1047 951 Non
1080 911 1158 951 est
1188 907 1345 968 igitur
1375 911 1483 951 tam
1516 903 1780 967 explorata

283 987 383 1031 ista
427 988 557 1032 ratio
607 984 671 1032 ad
717 985 770 1032 id
817 985 953 1048 quod
993 984 1143 1032 vultis
1185 985 1584 1033 confirmandum
1625 1001 1779 1048 quam

287 1066 502 1114 videtur.
579 1064 680 1114 Sed
716 1069 835 1129 quia
870 1083 1136 1113 commune
1172 1065 1266 1113 hoc
1305 1073 1385 1114 est
1421 1073 1780 1131 argumentum

289 1146 500 1194 aliorum
526 1150 682 1194 etiam
707 1146 1134 1210 philosophorum,
1154 1151 1389 1195 omittam
1406 1146 1501 1195 hoc
1518 1155 1749 1211 tempore
1766 1161 1780 1204 3

286 1228 352 1276 ad
375 1235 544 1275 vestra
565 1232 768 1292 propria
790 1232 961 1275 venire
984 1228 1132 1276 malo.

209 1317 263 1358 65
351 1308 380 1326 “
405 1308 638 1357 Concedo
659 1326 768 1357 6556
788 1310 908 1357 deos
932 1326 944 1366 3
982 1310 1106 1357 doce
1125 1326 1208 1357 me
1227 1312 1384 1374 igitur
1400 1310 1536 1357 unde
1556 1312 1674 1365 sint,
1693 1309 1780 1356 ubi

286 1393 403 1446 sint,
427 1390 600 1454 quales
623 1394 723 1438 sint
746 1407 951 1454 corpore
976 1395 1141 1438 animo
1165 1394 1269 1438 vita
1291 1406 1303 1446 3
1343 1389 1470 1438 haec
1493 1394 1630 1437 enim
1653 1393 1779 1438 scire

287 1471 533 1519 desidero.
608 1473 850 1519 Abuteris
891 1473 956 1520 ad
995 1475 1163 1519 omnia
1204 1479 1488 1519 atomorum
1526 1488 1684 1535 regno
1724 1478 1780 1518 et

287 1552 491 1600 licentia
504 1570 516 1610 ;
553 1553 668 1601 hinc
691 1554 1046 1617 quodcumque
1068 1557 1118 1600 in
1143 1553 1303 1600 solum
1325 1556 1483 1608 venit,
1498 1559 1557 1600 ut
1579 1553 1779 1609 dicitur,

288 1634 483 1698 effingis
503 1642 659 1698 atque
680 1635 846 1682 efficis.
888 1634 1033 1694 Quae
1048 1638 1268 1698 primum
1283 1633 1450 1681 nullae
1466 1641 1599 1681 sunt.
1644 1632 1780 1680 Nihil

289 1726 367 1762 est
388 1720 523 1762 enim
551 1753 562 1763 .
592 1753 601 1763 .
632 1721 665 1763 .²
691 1717 826 1779 quod
846 1723 993 1763 vacet
1017 1732 1223 1779 corpore
1247 1731 1260 1772 3
1291 1716 1580 1778 corporibus
1605 1722 1779 1761 autem

291 1800 452 1844 omnis
487 1797 748 1844 obsidetur
781 1797 942 1854 locus3
978 1801 1053 1844 ita
1085 1796 1277 1844 nullum
1309 1800 1478 1853 inane,
1512 1795 1635 1842 nihil
1669 1811 1779 1842 esse

209 1883 265 1924 66
286 1879 602 1926 individuum
639 1886 826 1942 potest.
899 1878 1086 1925 XXIV.
1123 1878 1266 1925 Haec
1305 1894 1401 1942 ego
1439 1894 1572 1924 nunc
1610 1875 1780 1940 physi-

288 1976 459 2006 corum
495 1959 696 2007 oracula
730 1959 905 2016 fundo,
934 1976 1054 2007 vera
1089 1976 1154 2006 an
1181 1958 1308 2006 falsa
1342 1962 1527 2015 nescio,
1556 1959 1647 2006 sed
1674 1959 1780 2005 veri

287 2048 462 2088 tamen
508 2042 744 2088 similiora
791 2058 944 2104 quam
990 2048 1172 2088 vestra.
1254 2040 1361 2087 Ista
1407 2043 1539 2086 enim
1587 2039 1781 2103 flagitia

289 2121 569 2170 Democriti
598 2125 701 2169 sive
733 2126 887 2169 etiam
918 2129 1038 2169 ante
1070 2121 1332 2184 Leucippi,
1348 2137 1457 2168 esse
1486 2119 1781 2183 corpuscula

349 2239 367 2266 ²
397 2244 474 2281 aut
493 2240 591 2281 secl.
613 2239 705 2281 Jos.
730 2239 939 2292 Scaliyer.
1203 2239 1220 2265 ⁸
1249 2239 1452 2279 lacunam
1469 2237 1722 2278 Lambinus.

348 2370 370 2393 ⁸
402 2365 655 2408 Proverbial
674 2367 742 2407 for
763 2380 790 2407 a
810 2366 968 2419 rough‚
991 2379 1153 2418 savage
1173 2365 1413 2407 character.

354 2420 372 2445 θ
402 2420 466 2461 Or
486 2421 677 2472 perhaps
699 2422 708 2437 ‘
723 2421 822 2460 that
841 2425 977 2460 meets
998 2421 1072 2460 the
1093 2419 1215 2460 1'oot.’

293 2480 378 2569 10⁵2
397 2473 776 2570 lssrfzonSiderable
815 2473 1003 2515 number
1039 2474 1091 2514 of
1124 2472 1267 2514 words
1298 2485 1417 2513 seem
1448 2476 1494 2513 to
1525 2471 1638 2512 bave
1668 2471 1779 2512 been

295 2591 359 2639 62
