1919 3006
951 205 1203 254 CICERO

327 336 556 399 partibus
583 341 845 382 momenta
870 337 1125 381 rationum
1151 337 1516 391 invenirentur,
1542 333 1734 382 facilius
1763 335 1825 383 ab

252 413 308 453 46
332 410 549 466 utraque
583 409 730 465 parte
761 402 992 449 adsensio
1028 405 1379 449 sustineretur.
1447 402 1595 449 Hanc
1630 403 1827 451 Acade-

329 474 485 518 miam
528 487 710 517 novam
758 469 1035 532 appellant,
1069 485 1200 532 quae
1245 468 1369 516 mihi
1414 477 1561 517 vetus
1608 471 1826 526 videtur,

329 538 577 601 siquidem
597 536 864 583 Platonem
883 553 946 584 ex
963 537 1048 583 illa
1065 544 1240 583 vetere
1258 553 1600 594 numeramus,
1617 541 1756 585 cuius
1774 541 1826 584 in

328 606 465 652 libris
495 604 618 651 nihil
648 604 943 651 adfirmatur
974 611 1027 651 et
1054 607 1107 650 in
1136 611 1406 668 utramque
1435 612 1636 667 partem
1663 605 1826 652 multa

329 673 660 727 disseruntur,
682 672 746 719 de
768 672 998 718 omnibus
1021 675 1298 734 quaeritur,
1319 671 1443 718 nihil
1463 675 1588 719 certi
1609 673 1791 720 dicitur
1813 687 1827 728 3

330 741 420 787 sed
462 747 638 786 tamen
679 739 764 785 illa
807 756 960 802 quam
1004 743 1281 802 exposuisti
1324 746 1489 795 vetus,
1530 738 1658 786 haec
1699 756 1829 786 nova

329 811 617 854 nominetur
640 822 652 862 3
694 822 825 870 quae
847 822 1009 869 usque
1033 807 1097 853 ad
1120 806 1437 854 Carneadem
1457 807 1723 870 perducta,
1746 809 1831 870 qui

331 882 540 938 quartus
570 875 633 920 ab
662 874 888 921 Arcesila
914 873 1030 930 fuit,
1057 877 1111 920 in
1139 874 1321 921 eadem
1348 874 1605 921 Arcesilae
1631 877 1830 921 ratione

330 945 624 1006 permansit.
694 941 982 988 Carneades
1032 948 1206 988 autem
1253 941 1436 988 nullius
1483 941 1830 1004 philosophiae

330 1013 488 1073 partis
508 1013 711 1073 ignarus
735 1016 805 1065 et,
825 1016 884 1056 ut
904 1012 1114 1072 cognovi
1136 1025 1199 1055 ex
1219 1012 1277 1055 iis
1298 1012 1385 1072 qui
1403 1009 1544 1056 illum
1565 1009 1832 1056 audierant

330 1081 655 1140 maximeque
677 1093 740 1123 ex
760 1077 1011 1139 Epicureo
1031 1076 1252 1132 Zenone,
1274 1079 1361 1139 qui
1380 1093 1494 1123 cum
1516 1077 1579 1123 ab
1601 1093 1661 1124 eo
1680 1076 1832 1140 pluri-

330 1162 471 1191 mum
499 1145 809 1200 dissentiret,
837 1161 995 1190 unum
1022 1151 1199 1191 tamen
1226 1150 1432 1207 praeter
1459 1151 1655 1191 ceteros
1682 1147 1832 1190 mira·

330 1213 500 1268 batur,
522 1211 802 1259 incredibili
826 1212 1047 1275 quadam
1070 1210 1169 1258 fuit
1191 1210 1454 1259 facultate.
1495 1249 1505 1258 .
1545 1248 1555 1258 .
1594 1210 1641 1259 .”

363 1363 382 1391 ⁸
411 1364 505 1406 The
526 1368 869 1418 contemporary
891 1364 940 1406 of
959 1310 1133 1413 CSidgrol·
1150 1314 1250 1406 171νῇ0
1271 1363 1409 1406 heard
1433 1363 1526 1405 him
1548 1367 1596 1405 at
1616 1363 1806 1405 Athens.

341 2648 436 2689 454
