<?xml version="1.0" encoding="UTF-8"?>
<!DOCTYPE html PUBLIC "-//W3C//DTD XHTML 1.0 Transitional//EN"
    "http://www.w3.org/TR/xhtml1/DTD/xhtml1-transitional.dtd">
<html xmlns="http://www.w3.org/1999/xhtml" xml:lang="en" lang="en">
 <head>
  <title>
</title>
<meta http-equiv="Content-Type" content="text/html;charset=utf-8" />
  <meta name='ocr-system' content='tesseract 3.04.00' />
  <meta name='ocr-capabilities' content='ocr_page ocr_carea ocr_par ocr_line ocrx_word'/>
</head>
<body>
  <div class='ocr_page' id='page_1' title='image "./denaturadeorumac00ciceuoft_0126.png"; bbox 0 0 1853 3001; ppageno 0'>
   <div class='ocr_carea' id='block_1_1' title="bbox 906 204 1158 253">
    <p class='ocr_par' dir='ltr' id='par_1_1' title="bbox 906 204 1158 253">
     <span class='ocr_line' id='line_1_1' title="bbox 906 204 1158 253; baseline 0 0"><span class='ocrx_word' id='word_1_1' title='bbox 906 204 1158 253; x_wconf 90' lang='lat' dir='ltr'>CICERO</span> 
     </span>
    </p>
   </div>
   <div class='ocr_carea' id='block_1_2' title="bbox 194 334 1794 2513">
    <p class='ocr_par' dir='ltr' id='par_1_2' title="bbox 287 334 1788 1294">
     <span class='ocr_line' id='line_1_2' title="bbox 287 334 1780 402; baseline -0.002 -17"><span class='ocrx_word' id='word_1_2' title='bbox 287 352 449 402; x_wconf 87' lang='lat' dir='ltr'><strong>genus</strong></span> <span class='ocrx_word' id='word_1_3' title='bbox 475 335 570 383; x_wconf 90' lang='lat' dir='ltr'><strong>hoc</strong></span> <span class='ocrx_word' id='word_1_4' title='bbox 597 338 902 400; x_wconf 86' lang='lat' dir='ltr'><strong>argumenti,</strong></span> <span class='ocrx_word' id='word_1_5' title='bbox 930 335 1142 383; x_wconf 80' lang='lat' dir='ltr'><strong>attende</strong></span> <span class='ocrx_word' id='word_1_6' title='bbox 1169 352 1269 399; x_wconf 93' lang='lat' dir='ltr'><strong>quo</strong></span> <span class='ocrx_word' id='word_1_7' title='bbox 1295 341 1481 398; x_wconf 90' lang='lat' dir='ltr'><strong>serpat.</strong></span> <span class='ocrx_word' id='word_1_8' title='bbox 1540 334 1618 382; x_wconf 92' lang='lat' dir='ltr'><strong>Tu</strong></span> <span class='ocrx_word' id='word_1_9' title='bbox 1645 337 1780 382; x_wconf 87' lang='lat' dir='ltr'><strong>enim</strong></span> 
     </span>
     <span class='ocr_line' id='line_1_3' title="bbox 288 415 1779 481; baseline -0.001 -16"><span class='ocrx_word' id='word_1_10' title='bbox 288 419 523 465; x_wconf 82' lang='lat' dir='ltr'><strong>sumebas</strong></span> <span class='ocrx_word' id='word_1_11' title='bbox 556 420 649 464; x_wconf 91' lang='lat' dir='ltr'><strong>nisi</strong></span> <span class='ocrx_word' id='word_1_12' title='bbox 680 420 733 463; x_wconf 91' lang='lat' dir='ltr'><strong>in</strong></span> <span class='ocrx_word' id='word_1_13' title='bbox 763 415 978 464; x_wconf 83' lang='lat' dir='ltr'><strong>hominis</strong></span> <span class='ocrx_word' id='word_1_14' title='bbox 1012 417 1172 481; x_wconf 86' lang='lat' dir='ltr'><strong>figura</strong></span> <span class='ocrx_word' id='word_1_15' title='bbox 1202 420 1453 464; x_wconf 89' lang='lat' dir='ltr'><strong>rationem</strong></span> <span class='ocrx_word' id='word_1_16' title='bbox 1483 419 1648 464; x_wconf 89' lang='lat' dir='ltr'><strong>inesse</strong></span> <span class='ocrx_word' id='word_1_17' title='bbox 1679 433 1779 464; x_wconf 91' lang='lat' dir='ltr'><strong>non</strong></span> 
     </span>
     <span class='ocr_line' id='line_1_4' title="bbox 289 497 1780 563; baseline -0.002 -16"><span class='ocrx_word' id='word_1_18' title='bbox 289 515 471 563; x_wconf 83' lang='lat' dir='ltr'><strong>posse3</strong></span> <span class='ocrx_word' id='word_1_19' title='bbox 525 505 693 545; x_wconf 90' lang='lat' dir='ltr'><strong>sumet</strong></span> <span class='ocrx_word' id='word_1_20' title='bbox 729 497 853 545; x_wconf 87' lang='lat' dir='ltr'><strong>alius</strong></span> <span class='ocrx_word' id='word_1_21' title='bbox 888 501 982 545; x_wconf 90' lang='lat' dir='ltr'><strong>nisi</strong></span> <span class='ocrx_word' id='word_1_22' title='bbox 1016 501 1069 544; x_wconf 92' lang='lat' dir='ltr'><strong>in</strong></span> <span class='ocrx_word' id='word_1_23' title='bbox 1103 501 1349 555; x_wconf 86' lang='lat' dir='ltr'><strong>terrestri,</strong></span> <span class='ocrx_word' id='word_1_24' title='bbox 1384 501 1478 545; x_wconf 90' lang='lat' dir='ltr'><strong>nisi</strong></span> <span class='ocrx_word' id='word_1_25' title='bbox 1510 501 1564 545; x_wconf 94' lang='lat' dir='ltr'><strong>in</strong></span> <span class='ocrx_word' id='word_1_26' title='bbox 1599 513 1660 545; x_wconf 95' lang='lat' dir='ltr'><strong>eo</strong></span> <span class='ocrx_word' id='word_1_27' title='bbox 1694 500 1780 561; x_wconf 91' lang='lat' dir='ltr'><strong>qui</strong></span> 
     </span>
     <span class='ocr_line' id='line_1_5' title="bbox 291 579 1778 643; baseline -0.001 -16"><span class='ocrx_word' id='word_1_28' title='bbox 291 588 440 628; x_wconf 90' lang='lat' dir='ltr'><strong>natus</strong></span> <span class='ocrx_word' id='word_1_29' title='bbox 478 583 561 636; x_wconf 90' lang='lat' dir='ltr'><strong>sit,</strong></span> <span class='ocrx_word' id='word_1_30' title='bbox 599 583 693 627; x_wconf 90' lang='lat' dir='ltr'><strong>nisi</strong></span> <span class='ocrx_word' id='word_1_31' title='bbox 729 582 782 626; x_wconf 91' lang='lat' dir='ltr'><strong>in</strong></span> <span class='ocrx_word' id='word_1_32' title='bbox 821 596 880 627; x_wconf 94' lang='lat' dir='ltr'><strong>eo</strong></span> <span class='ocrx_word' id='word_1_33' title='bbox 919 582 1005 643; x_wconf 91' lang='lat' dir='ltr'><strong>qui</strong></span> <span class='ocrx_word' id='word_1_34' title='bbox 1044 579 1338 635; x_wconf 86' lang='lat' dir='ltr'><strong>adoleverit,</strong></span> <span class='ocrx_word' id='word_1_35' title='bbox 1376 582 1471 626; x_wconf 88' lang='lat' dir='ltr'><strong>nisi</strong></span> <span class='ocrx_word' id='word_1_36' title='bbox 1506 582 1559 626; x_wconf 88' lang='lat' dir='ltr'><strong>in</strong></span> <span class='ocrx_word' id='word_1_37' title='bbox 1597 595 1657 627; x_wconf 91' lang='lat' dir='ltr'><strong>eo</strong></span> <span class='ocrx_word' id='word_1_38' title='bbox 1695 581 1778 643; x_wconf 93' lang='lat' dir='ltr'><strong>qui</strong></span> 
     </span>
     <span class='ocr_line' id='line_1_6' title="bbox 292 662 1782 724; baseline -0.002 -15"><span class='ocrx_word' id='word_1_39' title='bbox 292 662 541 718; x_wconf 75' lang='lat' dir='ltr'><strong>didicerit,</strong></span> <span class='ocrx_word' id='word_1_40' title='bbox 570 664 665 707; x_wconf 91' lang='lat' dir='ltr'><strong>nisi</strong></span> <span class='ocrx_word' id='word_1_41' title='bbox 688 664 741 707; x_wconf 92' lang='lat' dir='ltr'><strong>in</strong></span> <span class='ocrx_word' id='word_1_42' title='bbox 770 677 830 708; x_wconf 94' lang='lat' dir='ltr'><strong>eo</strong></span> <span class='ocrx_word' id='word_1_43' title='bbox 860 664 946 724; x_wconf 91' lang='lat' dir='ltr'><strong>qui</strong></span> <span class='ocrx_word' id='word_1_44' title='bbox 976 677 1040 707; x_wconf 88' lang='lat' dir='ltr'><strong>ex</strong></span> <span class='ocrx_word' id='word_1_45' title='bbox 1070 664 1236 708; x_wconf 87' lang='lat' dir='ltr'><strong>animo</strong></span> <span class='ocrx_word' id='word_1_46' title='bbox 1265 668 1466 708; x_wconf 86' lang='lat' dir='ltr'><strong>constet</strong></span> <span class='ocrx_word' id='word_1_47' title='bbox 1495 668 1549 708; x_wconf 93' lang='lat' dir='ltr'><strong>et</strong></span> <span class='ocrx_word' id='word_1_48' title='bbox 1576 675 1782 723; x_wconf 87' lang='lat' dir='ltr'><strong>corpore</strong></span> 
     </span>
     <span class='ocr_line' id='line_1_7' title="bbox 292 741 1784 805; baseline -0.002 -14"><span class='ocrx_word' id='word_1_49' title='bbox 292 744 481 791; x_wconf 87' lang='lat' dir='ltr'><strong>caduco</strong></span> <span class='ocrx_word' id='word_1_50' title='bbox 522 749 576 790; x_wconf 89' lang='lat' dir='ltr'><strong>et</strong></span> <span class='ocrx_word' id='word_1_51' title='bbox 614 742 828 798; x_wconf 90' lang='lat' dir='ltr'><strong>infirmo,</strong></span> <span class='ocrx_word' id='word_1_52' title='bbox 867 749 1124 805; x_wconf 92' lang='lat' dir='ltr'><strong>postremo</strong></span> <span class='ocrx_word' id='word_1_53' title='bbox 1163 745 1256 788; x_wconf 89' lang='lat' dir='ltr'><strong>nisi</strong></span> <span class='ocrx_word' id='word_1_54' title='bbox 1294 745 1347 788; x_wconf 90' lang='lat' dir='ltr'><strong>in</strong></span> <span class='ocrx_word' id='word_1_55' title='bbox 1385 741 1588 789; x_wconf 86' lang='lat' dir='ltr'><strong>homine</strong></span> <span class='ocrx_word' id='word_1_56' title='bbox 1628 748 1784 805; x_wconf 87' lang='lat' dir='ltr'><strong>atque</strong></span> 
     </span>
     <span class='ocr_line' id='line_1_8' title="bbox 291 822 1784 886; baseline -0.001 -15"><span class='ocrx_word' id='word_1_57' title='bbox 291 823 507 872; x_wconf 90' lang='lat' dir='ltr'><strong>mortali.</strong></span> <span class='ocrx_word' id='word_1_58' title='bbox 572 823 764 882; x_wconf 81' lang='lat' dir='ltr'><strong>Quodsi</strong></span> <span class='ocrx_word' id='word_1_59' title='bbox 792 826 844 869; x_wconf 92' lang='lat' dir='ltr'><strong>in</strong></span> <span class='ocrx_word' id='word_1_60' title='bbox 873 824 1104 870; x_wconf 91' lang='lat' dir='ltr'><strong>omnibus</strong></span> <span class='ocrx_word' id='word_1_61' title='bbox 1133 822 1208 869; x_wconf 89' lang='lat' dir='ltr'><strong>his</strong></span> <span class='ocrx_word' id='word_1_62' title='bbox 1237 825 1387 871; x_wconf 90' lang='lat' dir='ltr'><strong>rebus</strong></span> <span class='ocrx_word' id='word_1_63' title='bbox 1417 824 1633 878; x_wconf 89' lang='lat' dir='ltr'><strong>obsistis,</strong></span> <span class='ocrx_word' id='word_1_64' title='bbox 1663 822 1784 886; x_wconf 91' lang='lat' dir='ltr'><strong>quid</strong></span> 
     </span>
     <span class='ocr_line' id='line_1_9' title="bbox 294 903 1781 969; baseline -0.002 -17"><span class='ocrx_word' id='word_1_65' title='bbox 294 913 372 953; x_wconf 93' lang='lat' dir='ltr'><strong>est</strong></span> <span class='ocrx_word' id='word_1_66' title='bbox 401 905 537 969; x_wconf 93' lang='lat' dir='ltr'><strong>quod</strong></span> <span class='ocrx_word' id='word_1_67' title='bbox 565 912 619 951; x_wconf 91' lang='lat' dir='ltr'><strong>te</strong></span> <span class='ocrx_word' id='word_1_68' title='bbox 648 903 810 952; x_wconf 88' lang='lat' dir='ltr'><strong>forma</strong></span> <span class='ocrx_word' id='word_1_69' title='bbox 838 921 938 951; x_wconf 89' lang='lat' dir='ltr'><strong>una</strong></span> <span class='ocrx_word' id='word_1_70' title='bbox 967 905 1278 952; x_wconf 87' lang='lat' dir='ltr'><strong>conturbet?</strong></span> <span class='ocrx_word' id='word_1_71' title='bbox 1342 904 1434 951; x_wconf 93' lang='lat' dir='ltr'><strong>His</strong></span> <span class='ocrx_word' id='word_1_72' title='bbox 1465 907 1599 951; x_wconf 91' lang='lat' dir='ltr'><strong>enim</strong></span> <span class='ocrx_word' id='word_1_73' title='bbox 1628 906 1781 950; x_wconf 89' lang='lat' dir='ltr'><strong>omni-</strong></span> 
     </span>
     <span class='ocr_line' id='line_1_10' title="bbox 292 985 1784 1050; baseline -0.002 -16"><span class='ocrx_word' id='word_1_74' title='bbox 292 988 386 1034; x_wconf 93' lang='lat' dir='ltr'><strong>bus</strong></span> <span class='ocrx_word' id='word_1_75' title='bbox 410 1002 542 1050; x_wconf 90' lang='lat' dir='ltr'><strong>quae</strong></span> <span class='ocrx_word' id='word_1_76' title='bbox 565 989 803 1049; x_wconf 88' lang='lat' dir='ltr'><strong>proposui</strong></span> <span class='ocrx_word' id='word_1_77' title='bbox 827 986 1075 1033; x_wconf 87' lang='lat' dir='ltr'><strong>adiunctis</strong></span> <span class='ocrx_word' id='word_1_78' title='bbox 1099 989 1151 1032; x_wconf 92' lang='lat' dir='ltr'><strong>in</strong></span> <span class='ocrx_word' id='word_1_79' title='bbox 1173 985 1376 1033; x_wconf 92' lang='lat' dir='ltr'><strong>homine</strong></span> <span class='ocrx_word' id='word_1_80' title='bbox 1400 989 1650 1032; x_wconf 89' lang='lat' dir='ltr'><strong>rationem</strong></span> <span class='ocrx_word' id='word_1_81' title='bbox 1675 1000 1784 1032; x_wconf 90' lang='lat' dir='ltr'><strong>esse</strong></span> 
     </span>
     <span class='ocr_line' id='line_1_11' title="bbox 293 1068 1785 1131; baseline -0.001 -16"><span class='ocrx_word' id='word_1_82' title='bbox 293 1075 349 1116; x_wconf 88' lang='lat' dir='ltr'><strong>et</strong></span> <span class='ocrx_word' id='word_1_83' title='bbox 381 1075 611 1115; x_wconf 89' lang='lat' dir='ltr'><strong>mentem</strong></span> <span class='ocrx_word' id='word_1_84' title='bbox 646 1068 887 1124; x_wconf 84' lang='lat' dir='ltr'><strong>videbas3</strong></span> <span class='ocrx_word' id='word_1_85' title='bbox 929 1068 1111 1131; x_wconf 92' lang='lat' dir='ltr'><strong>quibus</strong></span> <span class='ocrx_word' id='word_1_86' title='bbox 1146 1068 1387 1115; x_wconf 89' lang='lat' dir='ltr'><strong>detractis</strong></span> <span class='ocrx_word' id='word_1_87' title='bbox 1423 1068 1576 1115; x_wconf 89' lang='lat' dir='ltr'><strong>deum</strong></span> <span class='ocrx_word' id='word_1_88' title='bbox 1610 1074 1785 1114; x_wconf 89' lang='lat' dir='ltr'><strong>tamen</strong></span> 
     </span>
     <span class='ocr_line' id='line_1_12' title="bbox 293 1148 1788 1204; baseline -0.001 -7"><span class='ocrx_word' id='word_1_89' title='bbox 293 1166 439 1197; x_wconf 90' lang='lat' dir='ltr'><strong>nosse</strong></span> <span class='ocrx_word' id='word_1_90' title='bbox 472 1156 526 1197; x_wconf 91' lang='lat' dir='ltr'><strong>te</strong></span> <span class='ocrx_word' id='word_1_91' title='bbox 559 1150 698 1204; x_wconf 88' lang='lat' dir='ltr'><strong>dicis,</strong></span> <span class='ocrx_word' id='word_1_92' title='bbox 729 1149 880 1197; x_wconf 93' lang='lat' dir='ltr'><strong>modo</strong></span> <span class='ocrx_word' id='word_1_93' title='bbox 915 1148 1212 1196; x_wconf 87' lang='lat' dir='ltr'><strong>liniamenta</strong></span> <span class='ocrx_word' id='word_1_94' title='bbox 1242 1155 1500 1196; x_wconf 88' lang='lat' dir='ltr'><strong>maneant.</strong></span> <span class='ocrx_word' id='word_1_95' title='bbox 1566 1148 1677 1195; x_wconf 89' lang='lat' dir='ltr'><strong>Hoc</strong></span> <span class='ocrx_word' id='word_1_96' title='bbox 1709 1155 1788 1195; x_wconf 89' lang='lat' dir='ltr'><strong>est</strong></span> 
     </span>
     <span class='ocr_line' id='line_1_13' title="bbox 295 1229 1787 1294; baseline -0.001 -16"><span class='ocrx_word' id='word_1_97' title='bbox 295 1248 396 1279; x_wconf 92' lang='lat' dir='ltr'><strong>non</strong></span> <span class='ocrx_word' id='word_1_98' title='bbox 453 1231 769 1278; x_wconf 86' lang='lat' dir='ltr'><strong>considerare</strong></span> <span class='ocrx_word' id='word_1_99' title='bbox 822 1231 913 1278; x_wconf 88' lang='lat' dir='ltr'><strong>sed</strong></span> <span class='ocrx_word' id='word_1_100' title='bbox 969 1234 1111 1294; x_wconf 89' lang='lat' dir='ltr'><strong>quasi</strong></span> <span class='ocrx_word' id='word_1_101' title='bbox 1165 1233 1328 1278; x_wconf 89' lang='lat' dir='ltr'><strong>sortiri</strong></span> <span class='ocrx_word' id='word_1_102' title='bbox 1389 1230 1511 1294; x_wconf 88' lang='lat' dir='ltr'><strong>quid</strong></span> <span class='ocrx_word' id='word_1_103' title='bbox 1565 1229 1787 1294; x_wconf 89' lang='lat' dir='ltr'><strong>loquare.</strong></span> 
     </span>
    </p>

    <p class='ocr_par' dir='ltr' id='par_1_3' title="bbox 216 1311 1794 2270">
     <span class='ocr_line' id='line_1_14' title="bbox 216 1311 1790 1375; baseline -0.002 -15"><span class='ocrx_word' id='word_1_104' title='bbox 216 1320 271 1360; x_wconf 87' lang='grc'><strong>99</strong></span> <span class='ocrx_word' id='word_1_105' title='bbox 296 1313 402 1360; x_wconf 90' lang='lat' dir='ltr'><strong>Nisi</strong></span> <span class='ocrx_word' id='word_1_106' title='bbox 445 1311 577 1359; x_wconf 89' lang='lat' dir='ltr'><strong>forte</strong></span> <span class='ocrx_word' id='word_1_107' title='bbox 621 1328 685 1358; x_wconf 92' lang='lat' dir='ltr'><strong>ne</strong></span> <span class='ocrx_word' id='word_1_108' title='bbox 732 1311 826 1358; x_wconf 88' lang='lat' dir='ltr'><strong>hoc</strong></span> <span class='ocrx_word' id='word_1_109' title='bbox 870 1312 1076 1375; x_wconf 88' lang='lat' dir='ltr'><strong>quidem</strong></span> <span class='ocrx_word' id='word_1_110' title='bbox 1120 1312 1361 1368; x_wconf 90' lang='lat' dir='ltr'><strong>attendis,</strong></span> <span class='ocrx_word' id='word_1_111' title='bbox 1403 1329 1504 1358; x_wconf 92' lang='lat' dir='ltr'><strong>non</strong></span> <span class='ocrx_word' id='word_1_112' title='bbox 1545 1311 1697 1358; x_wconf 92' lang='lat' dir='ltr'><strong>modo</strong></span> <span class='ocrx_word' id='word_1_113' title='bbox 1738 1313 1790 1357; x_wconf 89' lang='lat' dir='ltr'><strong>in</strong></span> 
     </span>
     <span class='ocr_line' id='line_1_15' title="bbox 294 1393 1791 1457; baseline -0.001 -17"><span class='ocrx_word' id='word_1_114' title='bbox 294 1393 496 1442; x_wconf 87' lang='lat' dir='ltr'><strong>homine</strong></span> <span class='ocrx_word' id='word_1_115' title='bbox 522 1393 612 1441; x_wconf 91' lang='lat' dir='ltr'><strong>sed</strong></span> <span class='ocrx_word' id='word_1_116' title='bbox 642 1396 798 1440; x_wconf 86' lang='lat' dir='ltr'><strong>etiam</strong></span> <span class='ocrx_word' id='word_1_117' title='bbox 821 1396 873 1439; x_wconf 90' lang='lat' dir='ltr'><strong>in</strong></span> <span class='ocrx_word' id='word_1_118' title='bbox 898 1394 1074 1440; x_wconf 89' lang='lat' dir='ltr'><strong>arbore</strong></span> <span class='ocrx_word' id='word_1_119' title='bbox 1101 1394 1339 1457; x_wconf 87' lang='lat' dir='ltr'><strong>quiequid</strong></span> <span class='ocrx_word' id='word_1_120' title='bbox 1363 1400 1791 1456; x_wconf 87' lang='lat' dir='ltr'><strong>supervacaneum</strong></span> 
     </span>
     <span class='ocr_line' id='line_1_16' title="bbox 295 1473 1791 1533; baseline -0.002 -10"><span class='ocrx_word' id='word_1_121' title='bbox 295 1479 361 1523; x_wconf 89' lang='lat' dir='ltr'><strong>sit</strong></span> <span class='ocrx_word' id='word_1_122' title='bbox 390 1482 481 1523; x_wconf 87' lang='lat' dir='ltr'><strong>aut</strong></span> <span class='ocrx_word' id='word_1_123' title='bbox 510 1492 656 1522; x_wconf 91' lang='lat' dir='ltr'><strong>usum</strong></span> <span class='ocrx_word' id='word_1_124' title='bbox 687 1491 787 1521; x_wconf 93' lang='lat' dir='ltr'><strong>non</strong></span> <span class='ocrx_word' id='word_1_125' title='bbox 817 1473 1006 1522; x_wconf 90' lang='lat' dir='ltr'><strong>habeat</strong></span> <span class='ocrx_word' id='word_1_126' title='bbox 1036 1475 1253 1522; x_wconf 87' lang='lat' dir='ltr'><strong>obstare.</strong></span> <span class='ocrx_word' id='word_1_127' title='bbox 1319 1474 1486 1533; x_wconf 89' lang='lat' dir='ltr'><strong>Quam</strong></span> <span class='ocrx_word' id='word_1_128' title='bbox 1520 1473 1791 1521; x_wconf 90' lang='lat' dir='ltr'><strong>molestum</strong></span> 
     </span>
     <span class='ocr_line' id='line_1_17' title="bbox 296 1554 1792 1620; baseline -0.003 -15"><span class='ocrx_word' id='word_1_129' title='bbox 296 1564 375 1605; x_wconf 89' lang='lat' dir='ltr'><strong>est</strong></span> <span class='ocrx_word' id='word_1_130' title='bbox 407 1573 508 1604; x_wconf 90' lang='lat' dir='ltr'><strong>uno</strong></span> <span class='ocrx_word' id='word_1_131' title='bbox 543 1557 703 1620; x_wconf 85' lang='lat' dir='ltr'><strong>digito</strong></span> <span class='ocrx_word' id='word_1_132' title='bbox 737 1555 848 1619; x_wconf 87' lang='lat' dir='ltr'><strong>plus</strong></span> <span class='ocrx_word' id='word_1_133' title='bbox 883 1555 1105 1603; x_wconf 89' lang='lat' dir='ltr'><strong>habere!</strong></span> <span class='ocrx_word' id='word_1_134' title='bbox 1175 1555 1311 1615; x_wconf 92' lang='lat' dir='ltr'><strong>Quid</strong></span> <span class='ocrx_word' id='word_1_135' title='bbox 1349 1556 1458 1602; x_wconf 87' lang='lat' dir='ltr'><strong>ita?</strong></span> <span class='ocrx_word' id='word_1_136' title='bbox 1526 1554 1658 1614; x_wconf 87' lang='lat' dir='ltr'><strong>Quia</strong></span> <span class='ocrx_word' id='word_1_137' title='bbox 1698 1570 1792 1601; x_wconf 87' lang='lat' dir='ltr'><strong>neo</strong></span> 
     </span>
     <span class='ocr_line' id='line_1_18' title="bbox 296 1637 1789 1702; baseline -0.003 -16"><span class='ocrx_word' id='word_1_138' title='bbox 296 1639 362 1687; x_wconf 88' lang='lat' dir='ltr'><strong>ad</strong></span> <span class='ocrx_word' id='word_1_139' title='bbox 389 1641 610 1702; x_wconf 88' lang='lat' dir='ltr'><strong>speciem</strong></span> <span class='ocrx_word' id='word_1_140' title='bbox 638 1653 732 1684; x_wconf 87' lang='lat' dir='ltr'><strong>nee</strong></span> <span class='ocrx_word' id='word_1_141' title='bbox 762 1638 846 1685; x_wconf 90' lang='lat' dir='ltr'><strong>adl</strong></span> <span class='ocrx_word' id='word_1_142' title='bbox 876 1654 1022 1684; x_wconf 93' lang='lat' dir='ltr'><strong>usum</strong></span> <span class='ocrx_word' id='word_1_143' title='bbox 1048 1637 1200 1684; x_wconf 91' lang='lat' dir='ltr'><strong>alium</strong></span> <span class='ocrx_word' id='word_1_144' title='bbox 1230 1640 1453 1701; x_wconf 90' lang='lat' dir='ltr'><strong>quinque</strong></span> <span class='ocrx_word' id='word_1_145' title='bbox 1483 1637 1789 1684; x_wconf 88' lang='lat' dir='ltr'><strong>desiderant.</strong></span> 
     </span>
     <span class='ocr_line' id='line_1_19' title="bbox 296 1718 1790 1783; baseline -0.002 -16"><span class='ocrx_word' id='word_1_146' title='bbox 296 1720 432 1767; x_wconf 91' lang='lat' dir='ltr'><strong>Tuus</strong></span> <span class='ocrx_word' id='word_1_147' title='bbox 456 1727 630 1766; x_wconf 90' lang='lat' dir='ltr'><strong>autem</strong></span> <span class='ocrx_word' id='word_1_148' title='bbox 655 1719 779 1766; x_wconf 90' lang='lat' dir='ltr'><strong>deus</strong></span> <span class='ocrx_word' id='word_1_149' title='bbox 803 1736 904 1766; x_wconf 90' lang='lat' dir='ltr'><strong>non</strong></span> <span class='ocrx_word' id='word_1_150' title='bbox 927 1720 1088 1783; x_wconf 84' lang='lat' dir='ltr'><strong>digito</strong></span> <span class='ocrx_word' id='word_1_151' title='bbox 1111 1736 1211 1766; x_wconf 92' lang='lat' dir='ltr'><strong>uno</strong></span> <span class='ocrx_word' id='word_1_152' title='bbox 1233 1719 1488 1766; x_wconf 86' lang='lat' dir='ltr'><strong>redundat</strong></span> <span class='ocrx_word' id='word_1_153' title='bbox 1509 1718 1600 1765; x_wconf 92' lang='lat' dir='ltr'><strong>sed</strong></span> <span class='ocrx_word' id='word_1_154' title='bbox 1623 1720 1790 1780; x_wconf 87' lang='lat' dir='ltr'><strong>capite</strong></span> 
     </span>
     <span class='ocr_line' id='line_1_20' title="bbox 297 1799 1793 1864; baseline -0.002 -16"><span class='ocrx_word' id='word_1_155' title='bbox 297 1801 422 1849; x_wconf 92' lang='lat' dir='ltr'><strong>collo</strong></span> <span class='ocrx_word' id='word_1_156' title='bbox 452 1801 725 1848; x_wconf 68' lang='lat' dir='ltr'><strong>cervicibus</strong></span> <span class='ocrx_word' id='word_1_157' title='bbox 752 1800 994 1847; x_wconf 90' lang='lat' dir='ltr'><strong>lateribus</strong></span> <span class='ocrx_word' id='word_1_158' title='bbox 1022 1800 1133 1847; x_wconf 90' lang='lat' dir='ltr'><strong>alvo</strong></span> <span class='ocrx_word' id='word_1_159' title='bbox 1159 1807 1306 1864; x_wconf 88' lang='lat' dir='ltr'><strong>tergo</strong></span> <span class='ocrx_word' id='word_1_160' title='bbox 1331 1799 1605 1863; x_wconf 91' lang='lat' dir='ltr'><strong>poplitibus</strong></span> <span class='ocrx_word' id='word_1_161' title='bbox 1634 1801 1793 1845; x_wconf 87' lang='lat' dir='ltr'><strong>mani-</strong></span> 
     </span>
     <span class='ocr_line' id='line_1_21' title="bbox 298 1879 1792 1945; baseline -0.003 -15"><span class='ocrx_word' id='word_1_162' title='bbox 298 1884 390 1930; x_wconf 92' lang='lat' dir='ltr'><strong>bus</strong></span> <span class='ocrx_word' id='word_1_163' title='bbox 409 1882 623 1945; x_wconf 87' lang='lat' dir='ltr'><strong>pedibus</strong></span> <span class='ocrx_word' id='word_1_164' title='bbox 648 1880 919 1928; x_wconf 87' lang='lat' dir='ltr'><strong>feminibus</strong></span> <span class='ocrx_word' id='word_1_165' title='bbox 947 1882 1187 1928; x_wconf 90' lang='lat' dir='ltr'><strong>cruribus.</strong></span> <span class='ocrx_word' id='word_1_166' title='bbox 1250 1879 1301 1927; x_wconf 92' lang='lat' dir='ltr'><strong>Si</strong></span> <span class='ocrx_word' id='word_1_167' title='bbox 1325 1887 1384 1927; x_wconf 91' lang='lat' dir='ltr'><strong>ut</strong></span> <span class='ocrx_word' id='word_1_168' title='bbox 1409 1879 1687 1927; x_wconf 89' lang='lat' dir='ltr'><strong>inmortalis</strong></span> <span class='ocrx_word' id='word_1_169' title='bbox 1710 1881 1792 1935; x_wconf 90' lang='lat' dir='ltr'><strong>sit,</strong></span> 
     </span>
     <span class='ocr_line' id='line_1_22' title="bbox 298 1961 1794 2028; baseline -0.003 -17"><span class='ocrx_word' id='word_1_170' title='bbox 298 1964 420 2028; x_wconf 89' lang='lat' dir='ltr'><strong>quid</strong></span> <span class='ocrx_word' id='word_1_171' title='bbox 457 1962 583 2010; x_wconf 89' lang='lat' dir='ltr'><strong>haec</strong></span> <span class='ocrx_word' id='word_1_172' title='bbox 619 1963 685 2011; x_wconf 91' lang='lat' dir='ltr'><strong>ad</strong></span> <span class='ocrx_word' id='word_1_173' title='bbox 719 1966 877 2009; x_wconf 88' lang='lat' dir='ltr'><strong>vitam</strong></span> <span class='ocrx_word' id='word_1_174' title='bbox 910 1963 1140 2010; x_wconf 87' lang='lat' dir='ltr'><strong>membra</strong></span> <span class='ocrx_word' id='word_1_175' title='bbox 1173 1962 1475 2026; x_wconf 86' lang='lat' dir='ltr'><strong>pertinent?</strong></span> <span class='ocrx_word' id='word_1_176' title='bbox 1529 1961 1651 2025; x_wconf 91' lang='lat' dir='ltr'><strong>quid</strong></span> <span class='ocrx_word' id='word_1_177' title='bbox 1684 1963 1794 2024; x_wconf 89' lang='lat' dir='ltr'><strong>ipsa</strong></span> 
     </span>
     <span class='ocr_line' id='line_1_23' title="bbox 299 2043 1793 2108; baseline -0.003 -16"><span class='ocrx_word' id='word_1_178' title='bbox 299 2045 492 2092; x_wconf 85' lang='lat' dir='ltr'><strong>facies?</strong></span> <span class='ocrx_word' id='word_1_179' title='bbox 564 2045 732 2108; x_wconf 84' lang='lat' dir='ltr'><strong>Magis</strong></span> <span class='ocrx_word' id='word_1_180' title='bbox 773 2044 874 2100; x_wconf 86' lang='lat' dir='ltr'><strong>illa,</strong></span> <span class='ocrx_word' id='word_1_181' title='bbox 909 2045 1172 2091; x_wconf 89' lang='lat' dir='ltr'><strong>cerebrum</strong></span> <span class='ocrx_word' id='word_1_182' title='bbox 1207 2060 1292 2091; x_wconf 88' lang='lat' dir='ltr'><strong>cor</strong></span> <span class='ocrx_word' id='word_1_183' title='bbox 1324 2043 1588 2107; x_wconf 91' lang='lat' dir='ltr'><strong>pulmones</strong></span> <span class='ocrx_word' id='word_1_184' title='bbox 1622 2045 1793 2089; x_wconf 86' lang='lat' dir='ltr'><strong>iecur:</strong></span> 
     </span>
     <span class='ocr_line' id='line_1_24' title="bbox 298 2122 1794 2188; baseline -0.002 -15"><span class='ocrx_word' id='word_1_185' title='bbox 298 2126 424 2174; x_wconf 87' lang='lat' dir='ltr'><strong>haec</strong></span> <span class='ocrx_word' id='word_1_186' title='bbox 450 2129 584 2173; x_wconf 88' lang='lat' dir='ltr'><strong>enim</strong></span> <span class='ocrx_word' id='word_1_187' title='bbox 608 2133 727 2172; x_wconf 91' lang='lat' dir='ltr'><strong>sunt</strong></span> <span class='ocrx_word' id='word_1_188' title='bbox 756 2125 1005 2172; x_wconf 87' lang='lat' dir='ltr'><strong>domicilia</strong></span> <span class='ocrx_word' id='word_1_189' title='bbox 1028 2129 1163 2172; x_wconf 91' lang='lat' dir='ltr'><strong>vitae</strong></span> <span class='ocrx_word' id='word_1_190' title='bbox 1187 2140 1199 2182; x_wconf 91' lang='grc'><strong>;</strong></span> <span class='ocrx_word' id='word_1_191' title='bbox 1240 2127 1337 2172; x_wconf 88' lang='lat' dir='ltr'><strong>oris</strong></span> <span class='ocrx_word' id='word_1_192' title='bbox 1361 2125 1567 2188; x_wconf 87' lang='lat' dir='ltr'><strong>quidem</strong></span> <span class='ocrx_word' id='word_1_193' title='bbox 1591 2122 1794 2171; x_wconf 89' lang='lat' dir='ltr'><strong>habitus</strong></span> 
     </span>
     <span class='ocr_line' id='line_1_25' title="bbox 299 2206 1249 2270; baseline -0.003 -14"><span class='ocrx_word' id='word_1_194' title='bbox 299 2209 364 2256; x_wconf 87' lang='lat' dir='ltr'><strong>ad</strong></span> <span class='ocrx_word' id='word_1_195' title='bbox 387 2211 522 2255; x_wconf 88' lang='lat' dir='ltr'><strong>vitae</strong></span> <span class='ocrx_word' id='word_1_196' title='bbox 547 2207 841 2254; x_wconf 88' lang='lat' dir='ltr'><strong>firmitatem</strong></span> <span class='ocrx_word' id='word_1_197' title='bbox 865 2206 987 2253; x_wconf 90' lang='lat' dir='ltr'><strong>nihil</strong></span> <span class='ocrx_word' id='word_1_198' title='bbox 1009 2210 1249 2270; x_wconf 90' lang='lat' dir='ltr'><strong>pertinet.</strong></span> 
     </span>
    </p>

    <p class='ocr_par' dir='ltr' id='par_1_4' title="bbox 194 2287 1794 2513">
     <span class='ocr_line' id='line_1_26' title="bbox 194 2287 1793 2352; baseline -0.004 -14"><span class='ocrx_word' id='word_1_199' title='bbox 194 2298 274 2339; x_wconf 89' lang='lat'><strong>100</strong></span> <span class='ocrx_word' id='word_1_200' title='bbox 361 2288 597 2336; x_wconf 93' lang='lat' dir='ltr'><strong>XXXVI.</strong></span> <span class='ocrx_word' id='word_1_201' title='bbox 626 2287 653 2304; x_wconf 81' lang='lat'><strong>‘⁴</strong></span> <span class='ocrx_word' id='word_1_202' title='bbox 669 2288 738 2335; x_wconf 90' lang='lat' dir='ltr'><strong>Et</strong></span> <span class='ocrx_word' id='word_1_203' title='bbox 750 2304 834 2335; x_wconf 92' lang='lat' dir='ltr'><strong>eos</strong></span> <span class='ocrx_word' id='word_1_204' title='bbox 845 2289 1168 2352; x_wconf 87' lang='lat' dir='ltr'><strong>vituperabas</strong></span> <span class='ocrx_word' id='word_1_205' title='bbox 1180 2291 1266 2351; x_wconf 91' lang='lat' dir='ltr'><strong>qui</strong></span> <span class='ocrx_word' id='word_1_206' title='bbox 1277 2304 1340 2334; x_wconf 89' lang='lat' dir='ltr'><strong>ex</strong></span> <span class='ocrx_word' id='word_1_207' title='bbox 1351 2287 1585 2350; x_wconf 92' lang='lat' dir='ltr'><strong>operibus</strong></span> <span class='ocrx_word' id='word_1_208' title='bbox 1599 2288 1793 2350; x_wconf 86' lang='lat' dir='ltr'><strong>magni—</strong></span> 
     </span>
     <span class='ocr_line' id='line_1_27' title="bbox 301 2368 1793 2433; baseline -0.003 -15"><span class='ocrx_word' id='word_1_209' title='bbox 301 2371 403 2418; x_wconf 85' lang='lat' dir='ltr'><strong>ficis</strong></span> <span class='ocrx_word' id='word_1_210' title='bbox 431 2377 586 2433; x_wconf 89' lang='lat' dir='ltr'><strong>atque</strong></span> <span class='ocrx_word' id='word_1_211' title='bbox 611 2369 898 2432; x_wconf 90' lang='lat' dir='ltr'><strong>praeclaris,</strong></span> <span class='ocrx_word' id='word_1_212' title='bbox 923 2386 1038 2416; x_wconf 91' lang='lat' dir='ltr'><strong>cum</strong></span> <span class='ocrx_word' id='word_1_213' title='bbox 1063 2372 1228 2432; x_wconf 90' lang='lat' dir='ltr'><strong>ipsum</strong></span> <span class='ocrx_word' id='word_1_214' title='bbox 1252 2368 1517 2424; x_wconf 90' lang='lat' dir='ltr'><strong>mundum,</strong></span> <span class='ocrx_word' id='word_1_215' title='bbox 1542 2383 1656 2414; x_wconf 89' lang='lat' dir='ltr'><strong>cum</strong></span> <span class='ocrx_word' id='word_1_216' title='bbox 1686 2369 1793 2414; x_wconf 91' lang='lat' dir='ltr'><strong>eius</strong></span> 
     </span>
     <span class='ocr_line' id='line_1_28' title="bbox 300 2447 1794 2513; baseline -0.003 -14"><span class='ocrx_word' id='word_1_217' title='bbox 300 2451 529 2499; x_wconf 89' lang='lat' dir='ltr'><strong>membra</strong></span> <span class='ocrx_word' id='word_1_218' title='bbox 548 2449 744 2497; x_wconf 90' lang='lat' dir='ltr'><strong>caelum</strong></span> <span class='ocrx_word' id='word_1_219' title='bbox 764 2457 924 2497; x_wconf 91' lang='lat' dir='ltr'><strong>terras</strong></span> <span class='ocrx_word' id='word_1_220' title='bbox 944 2453 1119 2506; x_wconf 90' lang='lat' dir='ltr'><strong>maria,</strong></span> <span class='ocrx_word' id='word_1_221' title='bbox 1140 2464 1356 2513; x_wconf 88' lang='lat' dir='ltr'><strong>cumque</strong></span> <span class='ocrx_word' id='word_1_222' title='bbox 1381 2447 1560 2496; x_wconf 88' lang='lat' dir='ltr'><strong>horum</strong></span> <span class='ocrx_word' id='word_1_223' title='bbox 1579 2449 1794 2512; x_wconf 87' lang='lat' dir='ltr'><strong>insignia</strong></span> 
     </span>
    </p>
   </div>
   <div class='ocr_carea' id='block_1_3' title="bbox 306 2547 1316 2682">
    <p class='ocr_par' dir='ltr' id='par_1_5' title="bbox 306 2547 1316 2682">
     <span class='ocr_line' id='line_1_29' title="bbox 771 2547 1316 2596; baseline -0.004 -6"><span class='ocrx_word' id='word_1_224' title='bbox 771 2547 1316 2596; x_wconf 72' lang='lat' dir='ltr'><strong>²ad...adom..4‚B.</strong></span> 
     </span>
     <span class='ocr_line' id='line_1_30' title="bbox 306 2624 371 2682; baseline 0 -8"><span class='ocrx_word' id='word_1_225' title='bbox 306 2624 371 2682; x_wconf 88' lang='lat'><strong>96</strong></span> 
     </span>
    </p>
   </div>
  </div>
 </body>
</html>
