1919 3006
948 197 1199 246 CICERO

446 341 579 381 quem
601 342 744 380 neque
765 341 854 380 quo
875 332 1006 380 pacto
1027 327 1180 368 fallam
1203 341 1282 368 nec
1302 327 1410 380 quid
1431 327 1535 368 inde
1555 328 1755 370 auferam

446 396 527 423 nec
547 396 680 434 quem
701 381 854 422 dolum
875 382 932 422 ad
954 395 1057 423 eum
1077 386 1156 423 aut
1176 382 1430 422 machinam
1450 381 1708 423 commoliar

446 439 535 478 scio
557 439 798 489 quicquam
817 453 827 477 ε
861 437 923 476 ita
943 449 1096 476 omnes
1118 449 1239 476 meos
1260 435 1385 477 dolos
1405 435 1604 477 fallacias

446 493 728 544 praestrigias
748 491 1029 543 praestrinxit
1049 489 1342 531 commoditas
1363 492 1513 543 patris.

331 575 467 635 Quid
507 592 627 639 ergo
667 579 751 622 isti
791 575 909 631 doli,
951 575 1072 638 quid
1111 574 1394 630 machinae,
1435 575 1557 638 quid
1596 573 1825 621 fallaciae

330 652 765 713 praestrigiaeque
785 665 907 695 num
927 651 1035 695 sine
1054 652 1251 695 ratione
1274 665 1383 695 esse
1402 655 1680 710 potuerunt
1704 648 1723 694 ?
1780 645 1826 694 Ο

330 722 645 785 praeclarum
663 739 846 768 munus
867 722 1094 777 deorum,
1115 729 1173 769 ut
1194 721 1428 768 Phormio
1447 724 1606 784 possit
1625 721 1793 768 dicere
1816 735 1829 768 ε

375 819 483 861 cedo
499 833 673 867 senem;
705 821 794 860 iam
815 821 1029 860 instructa
1045 823 1148 860 sunt
1164 821 1225 860 mi
1238 821 1282 859 in
1296 819 1427 860 corde
1439 818 1621 860 consilia
1636 819 1811 859 omnia!

254 912 309 952 74
396 905 557 952 XXX.
596 903 744 951 “Sed
764 904 1288 961 exeamusetheatro,
1305 907 1564 951 veniamus
1580 907 1633 949 in
1647 902 1828 950 forum.

333 979 536 1026 Sessum
567 982 608 1026 it
641 986 860 1041 praetor.
932 978 1067 1037 Quid
1099 986 1158 1025 ut
1189 978 1482 1025 iudicetur?
1551 976 1650 1036 Qui
1682 977 1830 1024 tabu-

331 1052 512 1099 larium
569 1052 868 1098 incenderit.
939 1051 1089 1110 Quod
1147 1050 1340 1098 facinus
1399 1049 1684 1098 occultius?
1756 1055 1830 1096 at¹

333 1143 387 1174 se
433 1126 494 1184 Q.
542 1124 709 1172 Sosius
755 1125 1047 1188 splendidus
1094 1142 1250 1188 eques
1296 1124 1552 1171 Romanus
1598 1140 1661 1170 ex
1707 1139 1828 1187 agro

334 1202 521 1248 Piceno
574 1201 752 1248 fecisse
806 1200 1062 1248 confessus
1118 1208 1209 1247 est.
1281 1200 1380 1260 Qui
1433 1202 1829 1262 transscripserit

332 1275 534 1323 tabulas
568 1275 809 1338 publicas.
881 1275 941 1322 Id
977 1292 1179 1338 quoque
1217 1274 1273 1321 L.
1311 1274 1503 1321 Alenus
1539 1273 1678 1329 fecit,
1714 1290 1829 1320 cum

333 1349 722 1415 chirographum
771 1366 861 1396 sex
913 1353 1189 1412 primorum
1242 1352 1473 1395 imitatus
1528 1355 1641 1395 est:
1707 1347 1830 1410 quid

332 1423 427 1471 hoc
450 1423 654 1470 homine
679 1421 928 1469 sollertius
953 1423 972 1467 ?
1040 1421 1299 1486 Cognosce
1334 1421 1454 1468 alias
1489 1424 1832 1485 quaestiones,

334 1501 441 1545 auri
492 1497 767 1552 Tolossani,
815 1499 1171 1543 coniurationis
1221 1495 1591 1559 Iugurthinae;
1651 1501 1832 1558 repete

331 1576 606 1636 superiora,
636 1571 819 1618 Tubuli
849 1572 914 1619 de
944 1575 1160 1634 pecunia
1190 1578 1339 1633 capta
1373 1572 1437 1618 ob
1469 1588 1578 1617 rem
1607 1570 1831 1617 iudican-

334 1647 469 1701 dam,
519 1648 816 1708 posteriora,
866 1645 931 1692 de
980 1647 1179 1692 incestu
1228 1648 1493 1708 rogatione
1544 1644 1830 1700 Peducaea,

333 1728 445 1768 tum
481 1720 607 1767 haec
644 1721 915 1775 cotidiana,
945 1723 1077 1766 sicae
1114 1723 1316 1766 veneni2
1353 1719 1636 1782 peculatus,
1669 1725 1830 1765 testa-

333 1801 623 1841 mentorum
658 1797 830 1849 etiam,
863 1792 978 1857 lege
1011 1810 1141 1840 nova
1174 1796 1512 1856 quaestiones.
1584 1792 1711 1840 Inde
1744 1791 1829 1838 illa

334 1870 465 1914 actio
497 1866 622 1929 ‘ope
657 1865 963 1929 consilioque
1000 1874 1090 1913 tuo
1127 1865 1320 1913 furtum
1350 1869 1428 1913 aio
1458 1865 1652 1913 factum
1682 1863 1829 1921 esse,’

332 1943 451 1989 inde
484 1949 564 1988 tot
599 1942 783 1988 iudicia
819 1942 883 1988 de
921 1941 1020 1988 fide
1046 1941 1195 1998 mala,
1226 1941 1441 1998 tutelae,
1465 1941 1712 1998 mandati,
1736 1957 1827 2003 pro

333 2019 484 2071 socio,
504 2015 735 2070 fiduciae,
754 2014 948 2078 reliqua
968 2032 1099 2078 quae
1121 2032 1183 2062 ex
1205 2023 1379 2077 empto
1399 2023 1489 2062 aut
1508 2016 1715 2062 vendito
1738 2021 1829 2063 aut

331 2089 582 2138 conducto
605 2096 695 2135 aut
716 2088 882 2136 locato
905 2095 1082 2135 contra
1104 2089 1257 2136 fidem
1280 2089 1425 2144 fiunt,
1447 2089 1566 2136 inde
1588 2089 1827 2136 iudicium

617 2208 634 2233 ²
663 2212 710 2248 at
730 2208 770 2248 B
788 2225 798 2248 ε
831 2208 889 2248 ad
910 2209 970 2255 Α,
993 2207 1037 2248 id
1059 2208 1236 2256 Davies,
1259 2212 1305 2248 at
1325 2207 1370 2248 id
1393 2208 1561 2249 Schiitz.

726 2262 742 2286 ²
772 2263 929 2303 veneni
950 2263 1052 2302 dett.
1073 2279 1083 2302 ε
1115 2275 1286 2303 venena
1305 2262 1367 2310 A,
1387 2261 1441 2302 Β.

400 2416 419 2435 ⁰
447 2409 669 2451 Toulouse
698 2409 850 2462 joined
883 2409 957 2450 the
993 2408 1162 2450 Cimbri
1195 2411 1240 2450 in
1275 2409 1388 2450 their
1425 2409 1578 2457 revolt,
1608 2409 1698 2450 and
1737 2421 1827 2450 was

340 2464 506 2505 sacked
521 2465 581 2517 by
595 2463 649 2514 Q.
661 2463 871 2505 Servilius
885 2463 1063 2516 Caepio,
1087 2467 1163 2504 106
1184 2477 1286 2511 B.C.;
1304 2464 1378 2504 the
1391 2463 1577 2516 temples
1590 2463 1825 2504 contained

340 2518 461 2571 large
492 2523 630 2559 stores
664 2519 714 2559 of
742 2517 862 2570 gold.
922 2517 1087 2569 Caepio
1116 2530 1206 2558 was
1237 2522 1352 2559 most
1379 2516 1578 2571 severely
1607 2516 1823 2571 punished

342 2573 411 2613 for
431 2572 641 2625 sacrilege
662 2585 718 2613 on
741 2572 806 2613 his
829 2575 976 2612 return
997 2575 1042 2612 to
1065 2571 1220 2612 Rome.

343 2642 436 2684 358
