1919 3006
1023 217 1274 266 CICERO

391 348 586 393 istimet
609 347 770 393 curari
796 362 849 392 se
876 361 905 392 a
929 345 1044 401 deo,
1062 362 1164 392 non
1190 352 1243 392 et
1267 345 1374 392 dies
1394 351 1449 392 et
1471 352 1647 393 noctes
1670 345 1891 394 divinum

391 460 580 490 numen
606 442 810 490 horrere
841 450 895 490 et
922 446 960 490 si
990 444 1111 506 quid
1140 444 1333 490 adversi
1365 444 1603 491 acciderit
1630 444 1788 508 (quod
1813 445 1892 491 cui

390 559 491 589 non
516 542 700 589 accidit
723 542 762 605 ?)
790 545 1123 589 extimescere
1149 558 1214 589 ne
1238 541 1290 589 id
1313 544 1421 588 iure
1448 545 1676 589 evenerit
1697 542 1716 589 ?
1784 541 1892 589 Nec

388 639 613 687 Stratoni
646 647 822 687 tamen
855 640 1112 687 adsentior
1143 656 1237 686 nec
1268 656 1387 686 vero
1418 641 1547 696 tibi3
1595 640 1747 687 modo
1775 638 1890 696 hoc,

385 738 537 786 modo
561 737 686 785 illud
708 737 1017 802 probabilius
1041 738 1256 785 videtur.

289 844 364 884 122
453 836 694 884 XXXIX.
732 835 760 853 “
787 836 981 883 Latent
1036 839 1135 884 ista
1193 839 1378 892 omnia,
1438 835 1663 892 Luculle,
1713 839 1888 884 crassis

387 934 642 981 occultata
696 941 751 981 et
803 933 1105 981 circumfusa
1157 935 1400 990 tenebris,
1454 941 1514 981 ut
1566 933 1704 980 nulla
1756 937 1887 981 acies

385 1031 593 1079 humani
626 1035 821 1096 ingenii
855 1039 1004 1080 tanta
1032 1035 1098 1080 sit
1127 1048 1258 1095 quae
1284 1039 1555 1095 penetrare
1587 1035 1641 1079 in
1673 1030 1888 1088 caelum,

387 1137 577 1178 terram
605 1134 795 1178 intrare
825 1134 998 1194 possit.
1062 1130 1285 1193 Corpora
1312 1138 1486 1178 nostra
1513 1147 1614 1177 non
1642 1133 1889 1186 novimuS,

387 1233 473 1292 qui
522 1232 624 1276 sint
673 1233 798 1276 situs
846 1232 1087 1292 partium,
1137 1245 1290 1292 quam
1339 1231 1440 1275 vim
1490 1244 1724 1292 quaeque
1772 1244 1888 1291 pars

384 1326 575 1374 habeat
630 1330 956 1391 ignoramus;
1033 1330 1209 1390 itaque
1267 1326 1450 1373 medici
1506 1329 1617 1389 ipsi,
1675 1343 1886 1390 quorum

385 1428 633 1472 intererat
661 1441 723 1472 ea
749 1442 914 1481 nosse,
943 1431 1254 1488 aperuerunt
1281 1432 1340 1472 ut
1367 1425 1677 1481 viderentur,
1704 1440 1798 1471 nec
1827 1440 1887 1471 eo

386 1531 561 1571 tamen
602 1527 744 1571 aiunt
784 1526 1007 1587 empirici
1046 1526 1247 1570 notiora
1286 1539 1395 1570 esse
1434 1522 1535 1579 illa,
1574 1525 1693 1586 quia
1729 1525 1888 1586 possit

389 1622 495 1668 fieri
526 1629 585 1669 ut
614 1620 878 1685 patefacta
909 1629 962 1669 et
993 1621 1201 1668 detecta
1230 1628 1509 1668 mutentur.
1575 1619 1676 1668 Sed
1706 1620 1887 1684 ecquid

388 1736 477 1767 nos
520 1720 701 1767 eodem
739 1720 890 1767 modo
930 1736 1100 1766 rerum
1140 1726 1347 1766 naturas
1386 1735 1650 1783 persecare
1692 1722 1886 1782 aperire

389 1818 613 1865 dividere
667 1835 950 1882 possumus,
1004 1825 1063 1865 ut
1115 1818 1374 1864 videamus
1427 1824 1565 1865 terra
1615 1820 1886 1881 penitusne

389 1916 557 1963 defixa
591 1920 656 1964 sit
691 1923 745 1964 et
779 1920 921 1980 quasi
955 1917 1206 1963 radicibus
1241 1919 1341 1963 suis
1375 1914 1588 1963 haereat
1621 1932 1686 1962 an
1718 1915 1888 1962 media

286 2023 362 2063 123
385 2015 611 2077 pendeat
633 2016 652 2061 ?
710 2015 945 2062 Habitari
971 2018 1043 2061 ait
1065 2013 1408 2077 Xenophanes
1432 2017 1484 2060 in
1507 2013 1643 2070 luna,
1669 2029 1885 2077 eamque

389 2129 498 2159 esse
520 2120 709 2160 terram
730 2112 1006 2160 multarum
1027 2113 1227 2159 urbium
1253 2119 1307 2159 et
1330 2115 1581 2159 montium
1600 2128 1611 2158 :
1645 2118 1889 2174 portenta

388 2211 640 2268 videntur,
674 2211 765 2258 sed
797 2218 973 2259 tamen
1005 2227 1099 2257 nec
1131 2210 1214 2257 ille
1248 2213 1334 2274 qui
1368 2210 1497 2257 dixit
1529 2213 1693 2257 iurare
1725 2211 1884 2272 possit

388 2311 462 2356 ita
497 2325 550 2356 se
587 2325 695 2356 rem
731 2309 921 2356 habere
958 2324 1126 2372 neque
1164 2325 1258 2371 ego
1298 2325 1397 2354 non
1432 2311 1520 2355 ita.
1589 2307 1690 2354 Vos
1728 2310 1885 2354 etiam

387 2407 551 2455 dicitis
582 2423 691 2454 esse
721 2423 749 2454 e
777 2411 984 2471 regione
1013 2407 1156 2453 nobis
1185 2410 1236 2452 in
1265 2408 1515 2453 contraria
1541 2412 1688 2469 parte
1717 2412 1884 2452 terrae

388 2508 474 2568 qui
517 2506 738 2553 adversis
779 2508 1004 2569 vestigiis
1045 2511 1186 2552 stent
1225 2510 1403 2552 contra
1441 2510 1615 2550 nostra
1651 2505 1883 2566 vestigia,

391 2633 487 2682 624
