1853 3001
891 198 1142 247 CICERO

270 326 441 373 multis
473 333 591 373 ante
619 329 761 373 annis
793 333 904 373 erat
933 327 1065 374 bello
1092 327 1351 390 Ligustico
1384 344 1414 374 a
1438 327 1499 386 Q.
1529 327 1759 376 Maximo

270 394 576 441 dedicatum.
646 394 782 452 Quid
817 394 958 456 Opis,
994 395 1116 458 quid
1150 394 1351 451 Salutis,
1388 396 1510 458 quid
1544 396 1758 443 Concor-

269 461 383 508 diae
420 460 696 508 Libertatis
731 461 1027 508 Victoriae?
1081 479 1294 526 quarum
1329 466 1554 509 omnium
1587 479 1757 510 rerum

270 532 389 590 quia
407 532 478 575 vis
507 536 617 576 erat
644 535 792 575 tanta
818 536 877 575 ut
903 532 1011 575 sine
1039 529 1135 576 deo
1162 534 1290 593 regi1
1310 547 1411 577 non
1428 537 1619 592 posset,
1644 533 1756 593 ipsa

266 612 346 642 res
379 596 589 642 deorum
619 612 807 643 nomen
838 596 1074 643 obtinuit.
1142 596 1256 655 Quo
1289 612 1352 643 ex
1383 613 1573 660 genere
1606 596 1758 660 Cupi-

267 662 396 709 dinis
429 670 483 709 et
514 662 801 726 Voluptatis
834 670 888 710 et
920 662 1242 710 Lubentinae
1273 663 1483 711 Veneris
1515 664 1758 711 vocabula

267 738 559 777 consecrata
584 737 720 786 sunt,
747 734 1038 777 vitiosarum
1062 747 1231 777 rerum
1257 747 1425 794 neque
1451 732 1757 778 naturalium

270 796 601 860 (quamquam
642 797 862 844 Velleius
914 798 1061 844 aliter
1103 799 1400 862 existimat),
1441 799 1532 846 sed
1581 806 1757 846 tamen

270 880 331 909 ea
379 868 489 925 ipsa
530 867 652 911 vitia
694 870 897 911 natura²
939 864 1291 912 vehementius
1333 882 1486 928 saepe
1533 866 1754 928 pulsant.

190 938 242 978 62
268 930 564 977 Utilitatum
598 935 754 995 igitur
786 933 1140 995 magnitudine
1175 936 1439 979 constituti
1471 940 1591 979 sunt
1625 936 1672 979 ei
1707 933 1759 979 di

268 1002 353 1060 qui
385 999 634 1045 utilitates
667 1015 894 1062 quasque
924 1000 1225 1063 gignebant,
1256 1007 1413 1063 atque
1442 998 1519 1046 his
1551 1000 1758 1063 quidem

267 1066 552 1112 nominibus
588 1082 719 1128 quae
753 1066 904 1128 paulo
939 1074 1060 1114 ante
1095 1067 1233 1114 dicta
1265 1074 1385 1114 sunt
1419 1083 1551 1130 quae
1585 1070 1657 1115 vis
1691 1070 1758 1114 sit

266 1135 317 1178 in
344 1149 546 1195 quoque
572 1132 858 1180 declaratur
882 1133 994 1180 deo,

332 1199 519 1247 XXIV.
556 1199 841 1263 “Suscepit
883 1207 1058 1247 autem
1101 1203 1206 1247 vita
1247 1199 1508 1247 hominum
1550 1215 1760 1247 consue·

267 1267 496 1329 tudoque
528 1272 806 1314 communis
839 1274 898 1314 ut
928 1267 1186 1315 beneficiis
1219 1268 1514 1315 excellentis
1545 1271 1674 1314 viros
1705 1269 1759 1314 in

266 1334 463 1380 caelum
491 1333 628 1381 fama
655 1352 713 1382 ac
740 1335 1003 1381 voluntate
1030 1335 1285 1382 tollerent.
1354 1335 1487 1381 Hinc
1514 1333 1759 1381 Hercules

268 1399 384 1447 hinc
421 1401 600 1448 Castor
638 1409 691 1448 et
729 1401 907 1449 Pollux
945 1402 1060 1449 hinc
1084 1402 1415 1464 Aesculapius
1452 1401 1569 1448 hinc
1606 1401 1761 1449 Liber

271 1471 427 1514 etiam
457 1468 611 1531 (hunc
641 1469 752 1516 dico
783 1469 1025 1516 Liberum
1055 1468 1257 1516 Semela
1285 1477 1482 1526 natum,
1509 1485 1612 1516 non
1642 1485 1760 1516 eum

271 1551 423 1597 quem
455 1540 613 1583 nostri
644 1540 858 1583 maiores
891 1543 1109 1600 auguste
1139 1543 1418 1600 sancteque
1456 1534 1760 1601 [Liberum]³

270 1618 384 1648 cum
408 1602 592 1650 Cerere
617 1610 671 1650 et
695 1603 880 1650 Libera
901 1611 1340 1660 consecraverunt,
1363 1603 1500 1667 quod
1523 1603 1672 1666 quale
1695 1606 1762 1650 sit

272 1685 335 1714 ex
352 1674 606 1732 mysteriis
622 1671 853 1734 intellegi
868 1678 1042 1733 potest
1063 1686 1075 1727 ;
1110 1671 1202 1718 sed
1219 1671 1356 1734 quod
1373 1687 1436 1717 ex
1453 1671 1596 1718 nobis
1613 1677 1761 1717 natos

270 1737 451 1784 liberos
476 1738 806 1800 appellamus,
828 1739 1011 1785 idcirco
1035 1738 1219 1785 Cerere
1243 1742 1351 1785 nati
1373 1741 1620 1785 nominati
1642 1743 1763 1784 sunt

273 1803 426 1851 Liber
451 1812 505 1851 et
530 1805 732 1861 Libera,
758 1805 895 1869 quod
916 1809 969 1852 in
1002 1805 1208 1852 Libera⁴¹
1231 1812 1453 1862 servant,
1476 1808 1530 1852 in
1555 1804 1760 1851 Libero⁵

272 1887 372 1916 non
422 1871 753 1934 item)—hinc
805 1875 959 1919 etiam
1015 1872 1294 1929 Romulus‚⁶
1347 1888 1501 1936 quem
1553 1872 1758 1935 quidem

273 1938 491 1984 eundem
519 1955 628 1986 esse
651 1938 919 1998 Quirinum
938 1947 1142 2002 putant,
1164 1956 1378 2003 quorum
1398 1955 1514 1987 cum
1531 1955 1762 1986 remane-

271 2012 387 2051 rent
412 2009 564 2052 animi
590 2013 746 2069 atque
772 2011 1081 2054 aeternitate
1105 2006 1413 2064 fruerentur,
1436 2010 1534 2054 rite
1567 2006 1619 2054 di
1641 2012 1761 2053 sunt

271 2071 450 2129 habiti,
470 2089 585 2120 cum
607 2081 661 2120 et
681 2077 859 2136 optimi
881 2081 1053 2121 essent
1073 2081 1127 2122 et
1147 2078 1358 2121 aeterni.

195 2147 247 2186 63
336 2138 363 2155 ‘⁸
387 2139 502 2186 Alia
522 2157 724 2203 quoque
746 2157 808 2188 ex
832 2145 1029 2188 ratione
1056 2149 1110 2188 et
1127 2142 1333 2204 quidem
1350 2139 1559 2203 physica
1573 2155 1761 2202 magna

271 2204 419 2254 fluxit
453 2208 728 2255 multitudo
766 2209 977 2255 deorum
1013 2212 1099 2271 qui
1134 2209 1300 2255 induti
1335 2210 1504 2270 specie
1539 2205 1760 2253 humana

801 2325 818 2350 ²
847 2324 1040 2378 intellegi
1063 2324 1229 2366 Goethe.

617 2379 633 2403 ²
664 2383 823 2418 natura
843 2380 903 2427 A,
925 2379 965 2419 Β
983 2396 993 2419 :
1026 2383 1232 2419 naturam
1252 2378 1293 2418 B
1312 2391 1421 2419 corr.

322 2431 340 2457 ⁸
372 2431 583 2472 Liberum
604 2446 685 2473 om.
709 2434 811 2473 dett.
929 2433 946 2457 ⁴
978 2432 1137 2473 Libero
1159 2433 1261 2473 dett.
1378 2432 1396 2457 ⁶
1427 2431 1587 2472 Libera
1607 2431 1712 2474 dett.

627 2487 643 2512 ⁸
676 2485 892 2527 Romulus
917 2485 1122 2527 ,Μανεαει
1162 2484 1418 2527 Romulum.

278 2628 369 2669 182
