1919 3006
941 217 1193 267 CICERO

218 353 296 396 119
320 345 496 394 mundi
541 346 688 394 fieret
733 353 890 410 atque
934 348 1070 395 idem
1117 354 1324 395 ornatus
1369 354 1613 395 oreretur.
1682 345 1812 395 Nolo

320 421 373 465 in
414 417 675 466 stellarum
715 423 911 466 ratione
953 419 1142 467 multus
1179 420 1317 467 vobis
1354 420 1529 477 videri,
1566 421 1811 466 maxime-

321 506 422 554 que
467 506 640 538 earum
683 507 814 554 quae
857 508 1023 538 errare
1063 492 1332 546 dicuntur3
1386 507 1600 554 quarum
1634 497 1809 538 tantus

320 569 400 610 est
456 569 729 610 concentus
787 579 851 609 ex
908 562 1245 610 dissimillimis
1296 565 1517 611 motibus
1568 570 1644 619 ut,
1693 579 1809 609 cum

320 651 517 681 summa
555 634 758 681 Saturni
794 634 1080 699 refrigeret,
1121 635 1291 682 media
1331 635 1512 683 Martis
1553 635 1809 689 incendat,

319 705 395 753 his
431 710 699 753 interiecta
741 705 872 753 Iovis
915 705 1152 754 inlustret
1193 713 1247 754 et
1285 713 1542 770 temperet
1578 705 1811 769 infraque

321 778 547 826 Martem
600 780 732 826 duae
785 778 875 826 soli
927 779 1219 835 oboediant,
1268 782 1376 842 ipse
1435 779 1507 827 sol
1564 780 1811 827 mundum

318 867 521 898 omnem
547 868 637 898 sua
661 850 771 898 luce
797 850 1051 914 compleat
1076 852 1139 899 ab
1176 867 1338 915 eoque
1368 849 1487 898 luna
1509 851 1811 900 inluminata

316 923 649 986 graviditates
686 930 740 971 et
787 930 963 986 partus
1015 922 1215 971 adferat
1263 926 1689 987 maturitatesque
1736 926 1810 987 gi-

316 996 522 1059 gnendi.
592 995 736 1055 Quae
762 995 1015 1059 copulatio
1042 1012 1211 1043 rerum
1239 1002 1293 1042 et
1320 998 1463 1059 quasi
1488 999 1809 1044 consentiens

317 1067 382 1116 ad
447 1069 623 1116 mundi
688 1067 1091 1116 incolumitatem
1154 1071 1531 1131 coagmentatio
1594 1075 1808 1115 naturae

315 1156 469 1204 quem
495 1157 595 1187 non
619 1148 808 1197 movet,
827 1139 961 1188 hunc
986 1139 1166 1188 horum
1189 1138 1313 1186 nihil
1336 1157 1579 1204 umquam
1602 1147 1808 1203 reputa-

319 1216 447 1260 visse
471 1221 610 1260 certo
635 1216 750 1260 scio.

208 1290 290 1333 120
372 1284 584 1332 XLVII.
621 1293 651 1314 “
671 1286 784 1348 Age
810 1292 868 1332 ut
893 1301 923 1331 a
947 1283 1249 1332 caelestibus
1274 1285 1424 1331 rebus
1450 1285 1515 1332 ad
1538 1291 1806 1332 terrestres

204 2158 277 2198 121

315 1362 590 1414 veniamus,
617 1359 737 1421 quid
769 1364 847 1405 est
875 1360 927 1404 in
955 1356 1031 1404 his
1067 1360 1119 1404 in
1155 1374 1255 1421 quo
1289 1374 1391 1404 non
1426 1364 1640 1404 naturae
1676 1361 1806 1405 ratio

311 1430 656 1495 intellegentis
699 1431 985 1493 appareat?
1054 1429 1302 1492 Principio
1345 1446 1519 1477 eorum
1559 1445 1691 1493 quae
1731 1432 1805 1493 gi-

311 1510 538 1567 gnuntur
586 1519 613 1550 e
661 1509 799 1549 terra
841 1506 1023 1564 stirpes
1072 1509 1126 1549 et
1180 1500 1517 1549 stabilitatem
1567 1501 1693 1548 dant
1744 1505 1802 1549 iis

311 1591 444 1639 quae
469 1579 724 1622 sustinent
749 1582 803 1621 et
828 1591 855 1622 e
880 1582 1018 1622 terra
1042 1591 1217 1622 sucum
1244 1573 1453 1622 trahunt
1478 1591 1577 1638 quo
1603 1574 1804 1622 alantur

310 1663 372 1695 ea
397 1663 527 1711 quae
553 1648 802 1696 radicibus
833 1651 1157 1695 continentur
1181 1663 1192 1703 ;
1228 1647 1651 1711 obducunturque
1675 1646 1801 1694 libro

310 1726 401 1767 aut
431 1723 616 1767 cortice
648 1722 813 1767 trunci
846 1735 945 1782 quo
977 1722 1078 1766 sint
1110 1735 1139 1765 a
1169 1718 1436 1783 frigoribus
1470 1726 1524 1766 et
1554 1717 1800 1766 caloribus

308 1794 538 1839 tutiores.
610 1791 719 1838 Iam
762 1807 879 1838 vero
923 1794 1050 1839 vites
1093 1794 1162 1838 sic
1205 1790 1454 1838 claviculis
1498 1791 1800 1839 adminicula

307 1871 572 1937 tamqqam
641 1865 872 1911 manibus
935 1863 1325 1927 adprehendunt
1395 1871 1551 1928 atque
1611 1867 1685 1911 ita
1743 1881 1798 1912 se

309 1939 512 2000 erigunt
565 1942 623 1983 ut
682 1939 981 1983 animantes.
1052 1935 1187 1994 Quin
1242 1938 1399 1983 etiam
1451 1952 1482 1982 a
1534 1935 1798 1993 caulibus,¹

306 2011 347 2056 si
389 2014 597 2071 propter
637 2010 735 2054 sati
776 2011 894 2064 sint,
937 2014 995 2054 ut
1037 2024 1066 2053 a
1106 2005 1360 2070 pestiferis
1403 2014 1457 2055 et
1497 2008 1797 2056 nocentibus

306 2078 541 2143 refugere
572 2080 809 2127 dicuntur
839 2096 932 2127 nec
963 2096 1047 2127 eos
1079 2079 1180 2126 ulla
1211 2095 1274 2127 ex
1304 2086 1452 2142 parte
1482 2083 1794 2145 contingere.

308 2153 658 2199 Animantium
722 2168 840 2199 vero
905 2158 1098 2215 quanta
1160 2155 1378 2200 varietas
1443 2159 1539 2207 est,
1602 2160 1796 2216 quanta

306 2224 371 2271 ad
415 2240 528 2270 eam
571 2239 681 2270 rem
723 2226 796 2270 vis
840 2231 897 2271 ut
941 2227 993 2269 in
1036 2240 1126 2270 suo
1171 2239 1405 2287 quaeque
1448 2239 1639 2287 genere
1682 2241 1795 2287 per-

303 2302 510 2342 maneat
533 2295 543 2342 l
612 2295 839 2353 Quarum
864 2294 991 2342 aliae
1015 2298 1157 2341 coriis
1181 2302 1352 2342 tectae
1375 2303 1494 2343 sunt
1517 2295 1646 2343 aliae
1669 2296 1793 2344 villis

305 2369 520 2414 vestitae
571 2365 698 2413 aliae
748 2369 901 2428 spinis
951 2365 1210 2421 hirsutae3
1278 2366 1450 2428 pluma
1499 2366 1620 2415 alias
1670 2367 1791 2416 alias

302 2518 379 2612 Pll
409 2517 610 2611 ἶευίἰὴυε
657 2517 772 2558 dem:
826 2515 1026 2557 caulibus
1066 2516 1268 2581 brassieis
1304 2517 1366 2567 A,
1406 2517 1460 2567 Β,
1490 2529 1530 2560 ο.
1572 2517 1790 2562 brassicae

363 2585 410 2611 as
438 2585 526 2623 ery.
1083 2584 1086 2585 ⁷

307 2637 403 2682 236
