1853 3001
904 210 1156 259 CICERO

281 347 474 394 <cum>¹
514 345 734 390 senatui²
774 345 1146 398 nuntiavisset,³
1186 345 1348 405 primo
1396 345 1538 406 quasi
1579 349 1775 391 temere

283 425 348 473 de
372 441 426 471 re
451 423 651 487 publica
684 423 880 470 locutus
904 426 956 470 in
981 440 1234 470 carcerem
1258 426 1514 471 coniectus
1541 431 1636 480 est,
1659 431 1776 487 post

283 523 313 554 a
340 505 495 553 Paulo
522 505 705 552 litteris
733 504 896 551 allatis
924 521 1037 551 cum
1064 505 1201 552 idem
1229 506 1336 552 dies
1363 508 1692 562 constitisset,
1720 512 1774 553 et

283 605 404 652 agro
424 604 453 634 a
471 594 652 634 senatu
672 593 726 633 et
743 589 1005 633 vacatione
1025 587 1241 633 donatus
1261 593 1354 634 est.
1423 587 1597 650 Atque
1618 590 1773 634 etiam

283 687 398 718 cum
433 669 497 716 ad
530 669 737 716 fluvium
772 667 982 732 Sagram
1018 667 1337 715 Crotoniatas
1373 667 1518 715 Locri
1551 672 1773 716 maximo

283 750 473 815 proelio
513 751 833 806 devicissent,
875 766 934 796 eo
973 753 1080 812 ipso
1121 750 1203 797 die
1243 750 1471 797 auditam
1511 766 1620 797 esse
1660 766 1774 797 eam

281 849 506 897 pugnam
554 831 683 879 ludis
734 831 1002 895 Olympiae
1051 835 1325 878 memoriae
1371 832 1628 895 proditum
1678 838 1771 878 est.

281 914 445 978 Saepe
466 914 753 960 Faunorum
773 929 919 960 voces
941 914 1232 970 exauditae,
1253 930 1405 976 saepe
1425 916 1561 960 visae
1581 912 1772 960 formae

282 997 491 1044 deorum
521 998 748 1058 quemvis
778 1012 878 1041 non
907 1002 997 1042 aut
1025 994 1267 1042 hebetem
1297 1002 1386 1042 aut
1412 997 1624 1057 impium
1652 995 1773 1042 deos

279 1084 575 1142 praesentes
600 1093 709 1123 esse
733 1076 962 1123 confiteri
985 1081 1280 1140 coegerunt.

231 1165 258 1207 '7
346 1159 443 1206 III.
481 1158 910 1205 “Praedictiones
947 1174 1064 1204 vero
1103 1165 1156 1205 et
1190 1160 1570 1221 praesensiones
1605 1173 1773 1204 rerum

279 1239 565 1288 futurarum
603 1240 725 1303 quid
763 1238 898 1287 aliud
935 1239 1195 1286 declarant
1232 1242 1326 1286 nisi
1368 1238 1674 1286 hominibus⁴
1712 1255 1773 1285 ea

283 1338 414 1387 quae
451 1320 644 1369 futura⁵
681 1324 783 1368 sint
819 1321 1018 1368 ostendi
1053 1323 1322 1367 monstrari
1356 1321 1592 1383 portendi
1628 1336 1772 1383 prae-

283 1404 380 1452 dici
403 1404 422 1451 ?
469 1419 533 1451 ex
561 1419 659 1467 quo
686 1401 770 1449 illa
797 1409 1000 1449 ostenta
1026 1409 1252 1449 monstra
1277 1409 1517 1466 portenta
1543 1402 1773 1465 prodigia

283 1486 533 1533 dicuntur.
604 1483 796 1542 Quodsi
833 1489 913 1530 ea⁶
951 1483 1069 1530 ficta
1104 1484 1354 1531 credimus
1390 1483 1595 1530 licentia
1629 1481 1773 1530 fabu-

280 1565 460 1622 larum,
496 1565 735 1629 Mopsum
767 1565 1010 1611 Tiresiam
1044 1564 1410 1628 Amphiaraum
1443 1563 1772 1611 Calchantem

281 1646 537 1696 Helenum
590 1649 735 1711 (quos
776 1653 953 1693 tamen
1001 1662 1217 1709 augures
1264 1662 1330 1693 ne
1376 1648 1518 1709 ipsae
1564 1645 1771 1709 quidem

286 1728 492 1777 fabulae
533 1728 863 1775 adscivissent
899 1730 940 1774 si
976 1743 1056 1773 res
1098 1731 1300 1775 omnino
1340 1727 1670 1791 repudiaret),
1705 1743 1770 1774 ne

282 1811 569 1859 domesticis
612 1810 818 1873 quidem
861 1808 1106 1872 exemplis
1149 1809 1284 1857 docti
1330 1825 1519 1855 numen
1561 1809 1768 1856 deorum

281 1892 741 1955 conprobabimus?
810 1889 945 1936 Nihil
980 1907 1069 1938 nos
1106 1890 1161 1938 P.
1200 1889 1378 1937 Claudi
1412 1889 1545 1937 bello
1581 1889 1769 1937 Punico

281 1977 442 2038 primo
465 1975 728 2020 temeritas
752 1973 976 2019 movebit
999 1972 1017 2019 ?
1060 1974 1146 2035 qui
1170 1974 1325 2018 etiam
1347 1987 1439 2035 per
1460 1974 1624 2018 iocum
1648 1972 1768 2019 deos

280 2055 520 2110 inridens,
559 2070 673 2100 cum
712 2069 866 2100 cavea
902 2052 1103 2100 liberati
1141 2052 1266 2116 pulli
1304 2069 1405 2099 non
1443 2059 1770 2115 pascerentur

281 2139 443 2200 mergi
470 2152 553 2182 eos
579 2138 631 2181 in
658 2151 842 2197 aquam
867 2137 1028 2191 iussit,
1054 2141 1112 2181 ut
1136 2135 1372 2182 biberent
1397 2137 1633 2197 quoniam
1660 2149 1769 2181 esse

282 2216 475 2266 nollent
497 2232 508 2272 ;
547 2219 633 2279 qui
652 2219 777 2263 risus
798 2215 954 2263 classe
979 2216 1179 2263 devicta
1197 2215 1382 2262 multas
1405 2217 1500 2278 ipsi
1523 2214 1769 2272 lacrimas,

343 2334 362 2362 ²
391 2334 493 2374 add.
526 2333 702 2374 Vahlen.
1133 2334 1150 2357 ²
1179 2334 1438 2384 senatuique
1458 2333 1560 2373 dett.

362 2389 380 2414 ⁸
411 2389 626 2428 nuntiavit
647 2391 690 2428 ct
710 2388 793 2428 det.
891 2387 909 2412 ⁴
939 2386 1191 2427 hominibus
1221 2386 1474 2430 <divinitus>
1502 2386 1698 2439 Brieyer.

500 2441 517 2466 ⁵
544 2442 697 2482 futura
716 2454 797 2481 om.
820 2441 880 2489 A,
901 2440 940 2480 Β
961 2441 1093 2493 (quae
1113 2471 1125 2482 .
1148 2471 1159 2481 .
1181 2470 1192 2481 .
1214 2442 1301 2481 sint
1320 2454 1402 2482 om.
1423 2441 1554 2493 edd.).

787 2495 805 2521 ⁸
834 2499 1012 2536 externa
1033 2494 1268 2547 Heindorf.

292 2654 380 2697 128
