1919 3006
912 198 1164 248 CICERO

291 327 410 376 dem
465 328 617 376 duces
672 344 812 376 mare
867 330 1214 393 ingredientes
1269 329 1512 379 inmolare
1565 329 1784 379 hostiam

214 404 267 445 52
291 395 526 443 fluctibus
566 403 886 443 consuerunt.
959 397 1068 443 Iam
1105 401 1145 444 si
1185 405 1263 445 est
1301 398 1453 445 Ceres
1492 414 1523 445 a
1558 399 1784 463 gerendo

292 464 385 526 (ita
410 467 542 510 enim
567 464 808 527 dicebas),
831 472 966 511 terra
989 467 1097 527 ipsa
1120 465 1215 512 dea
1240 472 1317 512 est
1341 466 1418 529 (et
1437 469 1511 513 ita
1530 464 1750 513 habetur
1772 481 1786 523 3

291 547 422 594 quae
455 538 533 578 est
565 534 699 577 enim
731 530 826 577 alia
856 531 1023 578 Tellus
1048 532 1087 595 ?)
1156 531 1242 579 Sin
1266 540 1420 589 terra,
1444 550 1583 580 mare
1611 537 1785 591 etiam,

291 614 444 660 quem
478 598 776 660 Neptunum
812 615 921 645 esse
955 600 1194 656 dicebas;
1247 616 1367 664 ergo
1403 608 1456 647 et
1488 600 1696 647 flumina
1730 607 1783 648 et

289 664 471 712 fontes.
544 666 726 729 Itaque
754 673 805 713 et
831 667 1004 713 Fontis
1030 667 1295 714 delubrum
1324 668 1470 714 Maso
1497 684 1559 714 ex
1585 667 1784 714 Corsica

290 733 560 789 dedicavit,
619 741 672 780 et
728 736 779 779 in
836 750 1085 797 augurum
1140 738 1433 797 precatione
1488 735 1781 782 Tiberinum

289 798 564 861 Spinonem
613 800 884 847 Almonem
935 801 1191 848 Nodinum
1241 802 1337 848 alia
1385 806 1781 865 propinquorum

288 866 553 913 fluminum
577 871 781 914 nomina
807 869 1050 917 videmus.
1119 869 1254 933 Ergo
1279 868 1373 916 hoc
1399 877 1488 916 aut
1511 873 1563 916 in
1587 873 1781 916 inmen-

288 950 398 981 sum
438 942 627 998 serpet,
667 943 755 982 aut
795 935 918 982 nihil
955 935 1134 983 horum
1172 939 1508 999 recipiemus3
1564 953 1658 984 nec
1695 936 1781 983 illa

285 1001 482 1048 infinita
523 1006 653 1049 ratio
700 1006 1070 1066 superstitionis
1112 1005 1444 1066 probabitur3
1499 1003 1622 1050 nihil
1660 1020 1780 1068 ergo

285 1068 463 1115 horum
488 1071 805 1132 probandum
831 1078 923 1118 est.

207 1144 261 1185 53
348 1137 488 1184 XXI.
526 1137 554 1153 “
580 1137 820 1185 Dicamus
844 1141 1017 1202 igitur,
1041 1137 1216 1194 Balbe,
1242 1145 1446 1202 oportet
1469 1145 1645 1186 contra
1668 1137 1777 1186 illos

286 1207 442 1250 etiam
476 1208 561 1268 qui
593 1204 682 1252 hos
720 1206 841 1253 deos
876 1222 939 1252 ex
971 1205 1233 1252 hominum
1269 1222 1457 1270 genere
1493 1209 1546 1252 in
1580 1205 1776 1252 caelum

284 1271 555 1319 translatos
596 1289 696 1319 non
736 1289 791 1319 re
839 1273 930 1320 sed
976 1276 1211 1336 opinione
1260 1290 1369 1320 esse
1417 1274 1609 1330 dicunt,
1651 1289 1776 1336 quos

284 1346 500 1403 auguste
526 1356 699 1386 omnes
725 1347 1001 1404 sancteque
1022 1357 1336 1387 veneramur.
1375 1377 1385 1387 .
1426 1377 1436 1387 .
1478 1376 1488 1386 .
1526 1340 1776 1403 Principio

284 1405 429 1453 Ioves
477 1414 580 1454 tres
629 1415 900 1454 numerant
945 1411 979 1454 ii
1031 1411 1116 1471 qui
1164 1407 1389 1472 theologi
1435 1411 1776 1465 nominantur,

284 1489 348 1520 ex
387 1476 567 1537 quibus
604 1478 824 1538 primum
864 1482 917 1522 et
954 1476 1231 1522 secundum
1269 1483 1414 1522 natos
1450 1478 1503 1521 in
1540 1476 1775 1532 Arcadia,

259 1540 498 1611 ‘alterum
537 1549 684 1604 patre
722 1541 968 1599 Aethere,
1006 1559 1067 1589 ex
1099 1560 1198 1607 quo
1238 1546 1392 1589 etiam
1423 1542 1774 1605 Proserpinam

282 1615 457 1655 natam
503 1608 675 1656 ferunt
723 1617 776 1656 et
824 1610 1083 1665 Liberum,
1136 1610 1353 1657 alterum
1403 1617 1550 1673 patre
1603 1609 1774 1666 Caelo,

282 1679 368 1738 qui
403 1680 637 1740 genuisse
678 1677 962 1723 Minervam
998 1678 1197 1734 dicitur,
1222 1694 1374 1741 quam
1409 1680 1687 1740 principem
1720 1683 1775 1725 et

281 1746 612 1790 inventricem
640 1744 758 1790 belli
788 1744 976 1801 ferunt,
1005 1748 1216 1791 tertium
1245 1744 1543 1792 Cretensem
1571 1744 1773 1791 Saturni

281 1809 456 1867 filiurn,
507 1815 646 1858 cuius
697 1815 748 1858 in
799 1811 884 1858 illa
933 1812 1096 1859 insula
1141 1811 1424 1875 sepulcrum
1472 1812 1773 1859 ostenditur.

280 1877 569 1939 Διόσκουροι
623 1882 777 1925 etiam
814 1879 950 1942 apud
986 1879 1162 1926 Graios
1207 1879 1379 1926 multis
1415 1880 1575 1927 modis
1611 1882 1769 1926 nomi-

279 1953 495 1992 nantur:
527 1949 673 2008 primi
700 1954 821 2002 tres,
842 1950 927 2010 qui
952 1946 1272 2010 appellantur
1290 1948 1509 1994 Anaces¹
1534 1945 1768 2002 Athenis,

280 2027 344 2059 ex
372 2029 493 2077 rege
523 2014 642 2060 Iove
671 2017 1018 2077 antiquissimo
1048 2021 1101 2061 et
1130 2014 1428 2077 Proserpina
1455 2017 1580 2070 nati,
1606 2014 1768 2061 Trito-

664 2110 681 2136 ¹
712 2111 886 2152 Anaces
912 2111 1121 2153 Asamus:
1155 2109 1372 2152 Anaktes.

337 2240 357 2261 ⁰
392 2234 463 2289 C'f.
485 2237 528 2277 ii.
553 2239 621 2278 67.
1205 2236 1221 2262 ⁶
1258 2235 1327 2289 Cf.
1351 2238 1394 2277 ii.
1417 2238 1485 2278 66,

340 2295 355 2315 ⁰
386 2291 426 2340 ἓξ
465 2293 594 2331 53-60
637 2290 799 2343 Mayor
833 2295 1083 2344 transposes
1117 2295 1163 2332 to
1197 2291 1271 2332 the
1304 2290 1390 2332 end
1425 2292 1475 2332 of
1505 2294 1525 2338 ς
1558 2293 1628 2339 42,
1665 2290 1767 2333 thus

281 2344 525 2397 supplying
557 2358 585 2386 a
622 2346 841 2386 reference
873 2345 943 2386 for
976 2346 1050 2386 the
1084 2345 1228 2386 words
1258 2345 1405 2386 ‘these
1436 2345 1575 2398 gods’
1611 2347 1654 2386 in
1690 2345 1765 2386 the

283 2398 446 2439 second
464 2398 564 2440 line.
624 2399 713 2440 But
740 2399 814 2440 the
843 2402 963 2452 topic
991 2400 1042 2440 of
1065 2399 1140 2440 the
1158 2398 1253 2440 first
1281 2403 1486 2440 sentence
1505 2401 1541 2440 is
1560 2399 1764 2440 nowhere

282 2451 490 2503 pursued‚
524 2451 613 2493 and
647 2452 838 2505 perhaps
872 2455 904 2494 it
932 2452 1091 2494 should
1126 2453 1181 2494 be
1210 2452 1320 2504 kept
1347 2453 1492 2494 where
1526 2454 1561 2494 it
1591 2452 1761 2501 stands,

279 2507 383 2545 with
412 2519 440 2546 a
468 2505 598 2547 mark
628 2507 874 2560 indicating
900 2507 976 2547 the
1004 2507 1090 2548 loss
1120 2507 1171 2548 of
1194 2520 1221 2548 a
1251 2519 1441 2560 passage
1459 2506 1557 2548 that
1575 2508 1610 2548 it
1628 2508 1761 2550 intro-

277 2557 437 2608 duced,
458 2560 548 2602 and
568 2561 643 2602 the
664 2565 750 2602 rest
769 2561 820 2602 of
835 2565 877 2610 ἐξ
899 2563 1029 2602 53-60
1048 2561 1317 2602 transferred
1337 2565 1383 2603 to
1403 2565 1423 2610 ἓ
1441 2564 1512 2603 42.

281 2621 378 2671 336
