1919 3006
929 197 1180 247 CICERO

310 331 535 375 excitata
572 336 753 375 natura
791 329 1010 376 traditur
1047 329 1183 392 quod
1220 336 1430 392 aspectu
1468 328 1797 392 Proserpinae

309 417 590 456 commotus
624 413 706 466 sit,
740 410 868 457 alter
899 410 1126 457 Valentis
1160 417 1213 458 et
1245 409 1559 458 Phoronidis1
1596 409 1723 457 filius
1755 412 1796 456 is

311 494 396 554 qui
421 492 513 538 sub
538 494 685 538 terris
710 490 928 539 habetur
952 493 1088 539 idem
1112 491 1443 555 Trophonius,
1467 495 1649 539 tertius
1675 491 1795 539 Iove

311 575 464 619 tertio
485 579 633 620 natus
660 580 713 620 et
731 573 889 629 Maia,
910 589 973 620 ex
995 590 1093 637 quo
1120 581 1173 620 et
1198 573 1452 636 Penelopa
1478 573 1796 620 Pananatum

309 652 498 710 ferunt,
545 661 753 718 quartus
799 654 912 702 Nilo
957 662 1122 718 patre,
1167 671 1319 719 quem
1365 656 1610 719 Aegyptii
1654 653 1797 702 nefas

309 733 502 783 habent
536 739 813 792 nominare,
850 739 1055 800 quintus
1091 753 1244 800 quem
1274 736 1446 784 colunt
1481 735 1793 792 Pheneatae,

309 819 394 880 qui
432 817 628 881 Argum
666 818 848 864 dicitur
883 821 1199 865 interemisse
1238 819 1302 865 ob
1341 834 1557 882 eamque
1594 833 1797 865 causam

309 899 608 962 Aegyptum
621 898 904 963 profugisse
921 906 1076 963 atque
1091 900 1361 964 Aegyptiis
1376 899 1516 963 leges
1533 906 1587 947 et
1599 898 1797 947 litteras

306 980 608 1027 tradidisse:
698 978 831 1027 hunc
915 981 1161 1045 Aegyptii
1227 980 1451 1028 Theuth2
1520 980 1798 1044 appellant,

309 1061 592 1125 eodemque
640 1065 842 1109 nomine
891 1066 1008 1108 anni
1055 1065 1245 1125 primus
1292 1066 1478 1110 mensis
1527 1062 1664 1126 apud
1711 1078 1797 1110 eos

229 1152 282 1191 57
307 1149 526 1190 vocatur.
615 1143 1030 1207 Aesculapiorum
1082 1147 1272 1207 primus
1326 1144 1589 1207 Apollinis,
1643 1159 1796 1207 quem

306 1225 529 1271 Arcades
568 1224 757 1281 colunt,
796 1228 881 1288 qui
920 1225 1179 1288 specillum
1216 1229 1466 1273 invenisse
1503 1228 1796 1289 primusque

307 1305 481 1353 volnus
506 1307 688 1353 dicitur
712 1306 1027 1370 obligavisse,
1052 1307 1300 1354 secundus
1325 1308 1531 1355 secundi
1557 1306 1797 1354 Mercurii

307 1386 498 1434 frater:
554 1391 595 1434 is
635 1387 845 1435 fulmine
883 1405 1148 1451 percussus
1188 1389 1370 1436 dicitur
1407 1387 1646 1436 humatus
1687 1404 1796 1436 esse

307 1468 611 1533 Cynosuris;
660 1472 842 1516 tertius
874 1470 1075 1533 Arsippi
1110 1476 1164 1517 et
1195 1471 1459 1526 Arsinoae,
1491 1473 1577 1534 qui
1606 1472 1797 1533 primus

305 1554 662 1614 purgationem
709 1550 805 1598 alvi
852 1551 1122 1615 dentisque
1169 1551 1474 1599 evolsionem
1520 1558 1579 1599 ut
1624 1549 1798 1598 ferunt

305 1635 515 1689 invenit,
540 1635 678 1679 cuius
710 1635 762 1679 in
795 1633 1013 1680 Arcadia
1044 1650 1145 1680 non
1173 1632 1322 1697 longe
1353 1650 1383 1679 a
1413 1632 1564 1680 Lusio
1589 1632 1797 1679 flumine

306 1713 591 1776 sepulcrum
630 1721 684 1761 et
721 1713 860 1761 lucus
899 1715 1198 1761 ostenditur.
1271 1714 1467 1762 XXIII.
1504 1713 1796 1777 Apollinum

305 1798 679 1858 antiquissimus
701 1798 742 1842 is
768 1812 920 1859 quem
943 1795 1093 1858 paulo
1117 1802 1289 1843 antea³
1320 1812 1348 1843 e
1371 1795 1594 1843 Vulcano
1617 1802 1796 1843 natum

305 1893 415 1923 esse
464 1877 569 1924 dixi
617 1878 880 1925 custodem
929 1876 1265 1933 Athenarum,
1316 1877 1444 1924 alter
1492 1877 1794 1942 Corybantis

306 1958 433 2005 filius
468 1966 616 2005 natus
650 1962 702 2004 in
738 1958 908 2015 Creta,
942 1962 1081 2006 cuius
1115 1959 1179 2006 de
1213 1959 1297 2006 illa
1331 1958 1492 2006 insula
1525 1976 1640 2006 cum
1674 1958 1794 2005 Iove

304 2043 411 2103 ipso
458 2047 718 2087 certamen
764 2039 917 2087 fuisse
964 2041 1198 2097 traditur,
1245 2044 1426 2088 tertius
1474 2040 1594 2088 Iove
1639 2042 1794 2088 tertio

302 2128 452 2168 natus
473 2129 525 2169 et
538 2121 752 2178 Latona,
769 2138 921 2185 quem
939 2138 1001 2168 ex
1019 2122 1361 2185 Hyperboreis
1379 2120 1605 2185 Delphos
1620 2120 1793 2169 ferunt

302 2203 582 2260 advenisse,
610 2210 819 2267 quartus
846 2207 898 2250 in
917 2204 1151 2259 Arcadia,
1172 2220 1324 2267 quem
1343 2204 1566 2251 Arcades
1587 2201 1791 2264 Νόμιον*

303 2284 563 2347 appellant
610 2285 745 2348 quod
793 2285 856 2332 ab
905 2301 964 2332 eo
1012 2300 1067 2331 se
1114 2284 1252 2348 leges
1300 2284 1471 2332 ferunt
1522 2288 1787 2348 accepisse.

233 2376 285 2413 68
307 2365 503 2412 Dianae
544 2369 668 2412 item
711 2365 914 2428 plures:
973 2369 1135 2429 prima
1177 2366 1306 2413 Iovis
1349 2373 1403 2414 et
1445 2365 1790 2430 Proserpinae,

379 2505 393 2530 ¹
428 2504 658 2546 Coronidis
680 2504 855 2547 Davies.
1087 2505 1104 2529 ²
1135 2503 1309 2546 Theuth
1330 2505 1513 2547 Baiter:
1544 2504 1714 2557 Theyn.

360 2558 378 2583 ⁸
409 2563 512 2600 ante
531 2560 585 2601 ci.
609 2558 832 2611 Plasberq.
1065 2557 1084 2584 ⁴
1113 2560 1265 2609 Νόμιον
1285 2559 1433 2602 Huetz
1465 2561 1733 2602 nomionem.

300 2626 397 2671 340
