1853 3001
881 198 1133 247 CICERO

260 346 436 377 earum
466 328 621 385 nulla,
650 328 868 377 alterum
899 336 1040 376 certe
1071 346 1173 376 non
1203 335 1378 392 potest
1411 336 1471 379 ut
1504 328 1616 392 plus
1651 345 1752 375 una

262 427 380 458 vera
403 414 482 458 sit.

325 492 421 544 III.
460 492 574 551 Qua
621 492 828 555 quidem
879 494 931 538 in
981 508 1132 538 causa
1187 498 1241 538 et
1285 490 1544 539 benivolos
1591 491 1756 538 obiur-

258 581 463 638 gatores
508 573 709 636 placare
759 580 812 620 et
852 573 1046 620 invidos
1085 576 1456 636 vituperatores
1492 571 1756 620 confutare

257 672 541 718 possumus,
572 661 632 702 ut
662 653 847 701 alteros
878 653 1265 717 reprehendisse
1295 658 1579 717 paeniteat,
1610 652 1756 701 alteri

259 737 491 783 didicisse
533 752 587 783 se
629 736 926 800 gaudeant3
985 752 1105 782 nam
1147 738 1234 799 qui
1276 736 1555 783 admonent
1595 737 1756 781 amice

260 818 475 865 docendi
498 824 633 873 sunt,
658 821 744 880 qui
765 820 967 864 inimice
989 821 1307 864 insectantur
1328 816 1646 880 repellendi.1

211 906 236 944 6
325 898 552 946 Multum
574 905 749 945 autem
769 897 974 945 fluxisse
996 899 1144 945 video
1166 899 1229 946 de
1250 898 1387 945 libris
1409 901 1610 954 nostris,
1632 913 1756 961 quos

258 980 526 1043 compluris
564 981 705 1026 brevi
743 987 976 1042 tempore
1016 980 1284 1036 edidimus,
1322 983 1618 1043 variumque
1656 995 1761 1026 ser·-

258 1078 463 1108 monem
487 1065 675 1124 partim
703 1061 1063 1108 admirantium
1089 1062 1226 1108 unde
1251 1060 1347 1108 hoc
1371 1060 1758 1124 philosophandi

259 1144 402 1190 nobis
431 1144 599 1190 subito
629 1143 855 1190 studium
885 1146 1159 1198 extitisset,
1186 1146 1374 1205 partim
1403 1143 1527 1206 quid
1554 1157 1758 1206 quaque

259 1225 324 1272 de
365 1241 420 1271 re
469 1228 595 1271 certi
644 1223 948 1271 haberemus
998 1227 1123 1271 scire
1176 1227 1508 1287 cupientium.
1577 1223 1758 1270 Multis

260 1309 417 1353 etiam
457 1309 591 1353 sensi
630 1305 860 1353 mirabile
901 1306 1060 1353 videri
1101 1322 1215 1352 eam
1255 1306 1399 1354 nobis
1438 1308 1758 1369 potissimum

258 1389 528 1451 probatam
558 1404 668 1434 esse
696 1386 1067 1450 philosophiam
1097 1404 1229 1450 quae
1257 1386 1424 1434 lucem
1453 1391 1676 1450 eriperet
1704 1393 1760 1434 et

261 1473 403 1533 quasi
422 1477 625 1516 noctem
645 1469 902 1533 quandam
925 1470 1077 1515 rebus
1097 1468 1401 1525 offunderet,
1419 1469 1758 1532 desertaeque

259 1550 552 1613 disciplinae
580 1558 634 1598 et
667 1554 770 1596 iam
805 1551 1005 1613 pridem
1039 1550 1248 1597 relictae
1274 1553 1611 1613 patrocinium
1642 1565 1758 1596 nec·

260 1635 525 1695 opinatum
549 1649 578 1678 a
600 1632 743 1678 nobis
768 1648 877 1678 esse
901 1639 1210 1694 susceptum.

325 1714 428 1761 Nos
463 1721 637 1761 autem
671 1729 765 1760 nec
798 1714 966 1760 subito
1000 1717 1258 1776 coepimus
1290 1712 1632 1776 philosophari
1664 1729 1758 1760 nec

259 1796 567 1843 mediocrem
611 1811 640 1841 a
681 1798 843 1857 primo
886 1802 1119 1857 tempore
1163 1798 1348 1842 aetatis
1389 1797 1443 1840 in
1486 1810 1547 1842 eo
1589 1795 1758 1842 studio

260 1894 468 1940 operam
514 1893 790 1940 curamque
837 1880 1238 1938 consumpsimus
1287 1883 1342 1923 et
1387 1892 1503 1922 cum
1548 1879 1758 1923 minime

261 1959 575 2014 videbamur,
605 1965 717 2004 tum
752 1961 974 2004 maxime
1010 1956 1508 2021 philosophabamur,
1537 1958 1674 2021 quod
1704 1964 1759 2004 et

261 2043 514 2088 orationes
549 2039 810 2087 declarant
850 2038 1072 2086 refertae
1109 2037 1521 2102 philosophorum
1553 2045 1760 2088 senten-

260 2125 344 2168 tiis
371 2128 425 2168 et
456 2122 860 2168 doctissimorum
892 2120 1154 2167 hominum
1179 2119 1550 2167 familiaritates
1575 2121 1757 2183 quibus

260 2219 462 2265 semper
480 2203 658 2249 domus
677 2209 851 2249 nostra
868 2201 1055 2258 floruit,
1075 2209 1129 2248 et
1146 2205 1398 2264 principes
1414 2200 1486 2247 illi
1505 2201 1758 2249 Diodotus

262 2283 404 2331 Philo
430 2283 711 2330 Antiochus
738 2283 1033 2330 Posidonius
1060 2300 1089 2329 a
1114 2284 1295 2346 quibus
1319 2285 1542 2329 instituti
1566 2298 1754 2330 sumus.

213 2373 236 2411 7
262 2365 331 2412 Et
370 2368 410 2412 si
450 2368 619 2411 omnia
657 2364 1004 2427 philosophiae
1043 2371 1322 2427 praecepta
1358 2362 1650 2411 referuntur
1688 2364 1755 2412 ad

262 2450 437 2502 vitam,
461 2447 765 2493 arbitramur
789 2462 878 2492 nos
905 2453 958 2493 et
981 2445 1193 2509 publicis
1219 2452 1273 2493 et
1295 2447 1504 2508 privatis
1526 2448 1580 2491 in
1601 2446 1754 2493 rebus

338 2554 354 2578 ²
385 2566 474 2605 qua
503 2583 517 2596 .
546 2583 559 2596 .
588 2583 603 2597 .
632 2552 871 2605 repellendi
890 2552 1015 2604 infra
1032 2557 1132 2605 post
1151 2556 1405 2604 susceptum
1426 2556 1481 2593 tr.
1508 2551 1681 2604 Mayor.

269 2622 299 2665 8
