1853 3001
895 200 1145 248 CICERO

278 340 592 381 testamenta
622 335 899 395 perierunt,
923 336 1035 378 tum
1067 334 1201 378 enim
1237 330 1370 377 bella
1400 346 1579 395 gerere
1611 330 1767 377 nostri

207 421 259 462 10
282 415 434 463 duces
470 417 718 477 incipiunt
753 430 867 460 cum
905 416 1124 475 auspicia
1159 413 1474 477 posuerunt).
1542 412 1615 459 At
1650 427 1769 458 vero

282 497 418 560 apud
443 499 657 542 maiores
685 501 832 542 tanta
857 494 1111 558 religionis
1139 497 1210 541 vis
1237 493 1335 541 fuit
1360 500 1420 541 ut
1445 493 1653 557 quidam
1679 495 1770 539 im-

281 585 540 641 peratores
561 580 717 624 etiam
735 593 788 623 se
807 580 939 639 ipsos
959 577 1033 623 dis
1052 575 1401 623 inmortalibus
1419 578 1587 638 capite
1605 573 1773 621 velato

284 660 448 706 verbis
482 662 632 706 certis
665 675 756 721 pro
789 674 843 704 re
877 657 1078 720 publica
1111 658 1434 705 devoverent.
1506 655 1676 703 Multa
1709 671 1774 702 ex

284 740 536 804 Sibyllinis
573 740 1014 787 vaticinationibus
1049 738 1212 786 multa
1246 755 1310 785 ex
1344 737 1665 801 haruspicum
1697 752 1776 784 re-

284 825 475 884 sponsis
509 837 903 868 commemorare
937 838 1141 884 possum
1175 821 1356 884 quibus
1391 836 1453 867 ea
1480 819 1776 867 confirmen-

284 910 367 950 tur
414 920 545 967 quae
594 904 747 950 dubia
794 906 985 949 nemini
1035 903 1227 950 debent
1275 918 1399 949 esse.
1485 900 1572 948 IV.
1616 901 1777 963 Atqui

286 991 340 1032 et
381 992 666 1032 nostrorum
708 1001 958 1049 augurum
1001 991 1055 1032 et
1087 985 1414 1031 Etruscorum
1455 981 1776 1046 haruspicum

285 1066 601 1130 disciplinam
621 1066 675 1114 P.
697 1065 948 1130 Scipione1
975 1065 1029 1113 C.
1058 1065 1235 1130 Figulo
1260 1065 1547 1113 consulibus
1570 1081 1650 1111 res
1669 1066 1779 1126 ipsa

285 1150 518 1211 probavit
540 1164 552 1205 ;
606 1165 730 1212 quos
780 1165 894 1195 cum
941 1148 1014 1195 Ti.
1072 1146 1326 1195 Gracchus
1375 1146 1548 1194 consul
1592 1149 1779 1193 iterum

286 1238 499 1287 crearet,
538 1233 729 1294 primus
769 1237 974 1294 rogator
1013 1237 1071 1277 ut
1111 1246 1194 1276 eos
1233 1229 1435 1277 rettulit
1471 1229 1661 1276 ibidem
1701 1233 1780 1274 est

289 1319 503 1374 repente
562 1319 806 1359 mortuus.
877 1311 1132 1359 Gracchus
1191 1328 1307 1358 cum
1364 1313 1568 1358 comitia
1626 1308 1780 1356 nihilo

287 1395 451 1440 minus
479 1397 763 1458 peregisset
790 1410 1000 1456 remque
1029 1393 1166 1439 illam
1193 1396 1246 1440 in
1271 1392 1568 1457 religionem
1594 1390 1781 1455 populo

288 1478 484 1521 venisse
504 1478 735 1531 sentiret,
757 1475 821 1522 ad
840 1482 1073 1521 senatum
1099 1474 1314 1522 rettulit.
1383 1474 1600 1521 Senatus
1626 1481 1638 1502 ‘
1657 1490 1781 1537 quos

290 1557 355 1604 ad
390 1554 605 1603 soleret’
642 1556 967 1604 referendum
1006 1560 1217 1604 censuit.
1286 1556 1591 1619 Haruspices
1627 1559 1782 1603 intro-

289 1638 428 1685 ducti
472 1639 845 1701 responderunt
889 1655 990 1685 non
1034 1637 1187 1685 fuisse
1231 1641 1421 1685 iustum
1466 1640 1781 1685 comitiorum

214 1725 262 1764 ll
289 1727 592 1783 rogatorem.
661 1720 791 1767 Tum
832 1718 1104 1777 Gracchus,
1144 1727 1202 1768 ut
1241 1736 1269 1767 e
1307 1727 1455 1783 patre
1494 1720 1782 1776 audiebam,

286 1804 518 1848 incensus
554 1805 662 1849 ira:
707 1800 717 1818 ⁴
743 1801 891 1849 Itane
929 1802 1089 1849 vero?
1129 1818 1224 1866 ego
1260 1819 1362 1849 non
1396 1804 1577 1858 iustus,
1605 1804 1691 1865 qui
1728 1807 1782 1849 et

290 1883 463 1930 consul
484 1886 656 1947 rogavi
680 1891 734 1930 et
758 1900 918 1947 augur
942 1891 994 1931 et
1019 1886 1277 1946 auspicato
1300 1884 1318 1930 ?
1360 1899 1423 1930 an
1447 1899 1533 1931 vos
1554 1883 1702 1930 Tusci
1725 1900 1783 1931 ac

290 1965 490 2011 barbari
533 1968 865 2028 auspiciorum
908 1965 1080 2028 populi
1123 1965 1336 2012 Romani
1377 1967 1454 2012 ius
1495 1969 1685 2012 tenetis
1729 1973 1783 2013 et

289 2048 595 2109 interpretes
623 2063 730 2093 esse
761 2050 1077 2093 comitiorum
1105 2050 1319 2110 potestis
1343 2047 1361 2093 ?
1386 2045 1398 2062 ’
1466 2046 1649 2110 Itaque
1671 2054 1782 2095 tum

290 2126 397 2173 illos
426 2130 563 2174 exire
596 2131 739 2175 iussit
762 2144 774 2184 ;
818 2136 934 2190 post
961 2135 1134 2175 autem
1162 2144 1190 2175 e
1216 2131 1470 2191 provincia
1495 2127 1691 2176 litteras
1719 2129 1784 2177 ad

290 2207 556 2273 collegium
579 2212 715 2256 misit
735 2226 788 2256 se
810 2227 922 2256 cum
945 2209 1142 2273 legeret
1161 2209 1311 2256 libros
1331 2210 1652 2256 recordatum
1673 2225 1784 2257 esse

657 2338 673 2363 ¹
702 2341 793 2383 <in>
817 2339 864 2379 P.
887 2337 1094 2391 Scipione
1113 2342 1201 2383 <et>
1222 2338 1424 2379 Bouhier.

354 2512 372 2530 ⁰
402 2507 496 2548 The
523 2507 763 2548 Etruscans
789 2506 972 2548 differ-ed
1000 2508 1113 2547 from
1138 2507 1212 2548 the
1241 2506 1563 2550 Graeco-Italic
1589 2522 1709 2550 races
1737 2511 1779 2551 in

298 2565 510 2607 customs,
532 2561 732 2614 religion,
755 2561 843 2602 and
866 2562 1102 2614 language.

305 2631 397 2671 132
