1853 3001
832 186 1084 235 CICERO

213 320 523 368 induxerunt
552 319 673 365 deos
701 316 1035 379 feceruntque
1064 323 1123 362 ut
1152 332 1326 362 eorum
1353 314 1487 362 bella
1513 313 1702 377 proelia

215 404 412 451 pugnas
452 385 659 432 vulnera
698 385 999 440 videremus,
1039 384 1154 430 odia
1192 389 1459 445 praeterea
1497 382 1703 428 discidia

217 455 503 509 discordias,
543 460 681 499 ortus
719 454 971 506 interitus,
1011 450 1258 513 querellas
1297 449 1704 504 lamentationes,

217 521 396 568 effusas
434 524 487 566 in
525 523 661 566 omni
697 521 1112 580 intemperantia1
1151 517 1400 573 libidines,
1439 515 1703 571 adulteria,

217 588 428 643 vincula,
455 605 570 634 cum
594 586 816 633 humano
842 602 1030 649 genere
1057 585 1352 631 concubitus
1378 583 1704 645 mortalisque

141 664 193 704 43
219 673 282 703 ex
339 654 592 702 inmortali
650 660 952 716 procreatos.
1022 652 1151 698 Cum
1207 659 1474 714 poetarum
1532 657 1705 696 autem

220 739 385 770 errore
409 725 714 785 coniungere
737 720 856 767 licet
878 727 1117 782 portenta
1139 736 1402 782 magorum
1425 719 1705 781 Aegyptio—

217 806 431 853 rumque
472 793 524 835 in
569 789 749 836 eodem
792 804 980 852 genere
1025 788 1353 842 dementiam,
1395 793 1507 832 tum
1550 788 1705 831 etiam

218 857 353 921 vulgi
372 860 647 920 opiniones,
666 871 796 918 quae
814 858 867 901 in
884 858 1105 900 maxima
1123 856 1461 900 inconstantia
1477 854 1705 899 veritatis

218 928 533 990 ignoratione
556 930 834 970 versantur.

282 992 311 1008 “
335 992 412 1038 Ea
450 994 536 1055 qui
577 991 863 1037 consideret
902 1004 1054 1051 quam
1093 985 1375 1034 inconsulte
1415 1002 1472 1032 ac
1510 992 1707 1032 temere

219 1058 466 1115 dicantur,
506 1060 735 1105 venerari
775 1057 1048 1119 Epicurum
1090 1061 1143 1101 et
1181 1058 1233 1100 in
1274 1070 1448 1100 eorum
1485 1056 1705 1115 ipsorum

220 1143 429 1173 numero
459 1126 523 1173 de
553 1126 734 1188 quibus
762 1123 888 1170 haec
918 1125 1148 1186 quaestio
1178 1128 1257 1168 est
1284 1120 1472 1167 habere
1501 1121 1704 1167 debeat.

220 1193 361 1240 Solus
389 1197 524 1240 enim
550 1193 675 1239 vidit
700 1194 919 1254 primum
946 1206 1054 1237 esse
1082 1190 1219 1244 deos,
1247 1189 1382 1251 quod
1406 1191 1459 1234 in
1484 1190 1709 1234 omnium

221 1264 397 1307 animis
450 1276 623 1307 eorum
673 1262 933 1305 notionem
983 1259 1301 1318 inpressisset
1350 1258 1460 1317 ipsa
1508 1261 1706 1300 natura.

220 1328 364 1387 Quae
393 1335 470 1374 est
497 1331 631 1374 enim
657 1343 782 1390 gens
809 1332 898 1371 aut
924 1325 1059 1387 quod
1084 1340 1244 1387 genus
1269 1322 1547 1377 hominum,
1572 1320 1708 1384 quod

220 1413 322 1442 non
359 1394 549 1441 habeat
588 1398 694 1441 sine
734 1394 962 1440 doctrina
1001 1393 1415 1453 anticipationem
1453 1389 1708 1452 quandam

219 1463 469 1510 deorum?
523 1478 675 1524 quam
709 1460 932 1523 appellat
965 1458 1210 1520 πρόληψιν
1251 1458 1514 1519 Epicurus,
1545 1456 1599 1503 id
1631 1461 1710 1502 est

220 1537 545 1592 anteceptam
573 1532 739 1574 animo
766 1531 839 1573 rei
867 1526 1121 1589 quandam
1147 1524 1573 1579 informationem,
1600 1525 1708 1569 sine

221 1614 322 1661 qua
348 1613 442 1644 nec
468 1595 697 1659 intellegi
725 1598 994 1657 quicquam
1021 1609 1115 1639 nec
1142 1595 1316 1656 quaeri
1343 1608 1436 1638 nec
1463 1591 1712 1653 disputari

220 1668 416 1727 possit.²
486 1663 638 1709 Cuius
668 1665 876 1708 rationis
907 1664 1007 1707 vim
1039 1668 1193 1722 atque
1225 1659 1502 1706 utilitatem
1533 1674 1596 1704 ex
1625 1656 1710 1703 illo

222 1731 427 1778 caelesti
451 1731 655 1792 Epicuri
678 1730 742 1777 de
764 1728 940 1792 regula
964 1735 1017 1774 et
1039 1728 1220 1774 iudicio
1244 1726 1496 1773 volumine
1519 1725 1711 1786 accepi-

144 1806 199 1846 44
221 1815 347 1845 mus.
415 1797 580 1844 XVII.
618 1796 768 1855 Quod
785 1799 941 1859 igitur
958 1794 1349 1841 fundamentum
1367 1793 1513 1839 huius
1533 1807 1710 1855 quaes-

222 1869 372 1913 tionis
410 1872 505 1921 est,
541 1865 595 1911 id
629 1863 886 1927 praeclare
922 1866 1111 1909 iactum
1147 1862 1342 1908 videtis.
1411 1859 1540 1906 Cum
1576 1861 1711 1905 enim

223 1950 322 1980 non
363 1936 598 1979 instituto
639 1930 806 1994 aliquo
849 1937 938 1977 aut
977 1945 1117 1976 more
1157 1936 1246 1975 aut
1285 1928 1399 1991 lege
1438 1930 1504 1973 sit
1543 1928 1710 1988 opinio

224 2004 500 2047 constituta
526 2006 836 2061 maneatque
873 1998 938 2044 ad
973 2013 1130 2043 unum
1166 1998 1389 2042 omnium
1419 1993 1562 2040 firma
1595 2008 1711 2039 con·

222 2071 403 2123 sensio,
419 2066 647 2129 intellegi
668 2081 873 2112 necesse
896 2071 974 2111 est
996 2080 1104 2110 esse
1121 2064 1260 2118 deos,
1277 2065 1515 2125 quoniam
1534 2063 1710 2106 insitas

223 2151 396 2182 eorum
429 2133 509 2180 vel
540 2137 707 2196 potius
739 2136 939 2178 innatas
972 2134 1285 2195 cognitiones
1316 2129 1595 2183 habemus3
1646 2126 1711 2174 de

224 2218 323 2266 quo
353 2208 526 2248 autem
556 2204 779 2247 omnium
810 2207 991 2246 natura
1019 2201 1290 2252 consentit,
1318 2197 1371 2244 id
1399 2211 1574 2242 verum
1602 2209 1712 2241 esse

590 2308 607 2333 ²
638 2321 815 2349 omnem
837 2307 1222 2358 intemperantiam
1244 2304 1340 2345 θεά.

640 2363 656 2387 ²
686 2363 823 2414 possit
844 2361 972 2401 deta:
1004 2363 1147 2412 potest
1167 2359 1227 2406 A,
1248 2358 1301 2398 B.

295 2504 315 2525 ⁸
347 2499 418 2553 Cf.
442 2499 571 2540 Lucr.
593 2513 634 2540 v,
657 2501 682 2539 8
703 2498 843 2538 “deus
864 2497 934 2538 ille
954 2497 1054 2544 fuit,
1076 2495 1198 2543 deus,
1221 2494 1383 2535 inclute
1406 2489 1640 2534 Memmi.”

503 2553 519 2577 ⁶
550 2554 680 2605 Diog.
704 2552 755 2593 L.
777 2566 818 2594 x.
840 2555 892 2593 27
918 2553 1016 2603 Περὶ
1037 2552 1234 2602 κριτηρίου
1252 2551 1278 2598 ἢ
1298 2549 1457 2589 Κανών.

233 2624 294 2665 44
