1919 3006
261 1302 314 1342 36

958 154 1210 203 CICERO

340 288 551 342 naturis,
581 301 793 348 quarum
834 301 981 332 suum
1023 301 1256 348 quaeque
1296 285 1460 332 locum
1500 285 1691 334 habeat
1729 303 1831 351 quo

342 359 556 399 naturae
590 356 637 399 vi
672 351 883 408 feratur,
919 352 1016 399 alia
1049 353 1278 399 infimum
1313 352 1411 399 alia
1444 369 1697 400 summum
1731 353 1829 400 alia

339 420 564 466 medium
587 436 598 467 :
675 418 800 466 haec
858 419 923 466 ad
981 420 1237 482 quoddam
1296 427 1499 483 tempus
1556 420 1826 468 cohaerere

339 494 566 550 possunt,
590 502 791 549 semper
821 493 995 533 autem
1025 486 1160 534 nullo
1184 487 1334 534 modo
1362 495 1590 551 possunt,
1619 505 1825 535 necesse

341 562 420 601 est
456 558 591 600 enim
625 557 678 600 in
713 571 860 600 suum
897 570 1130 617 quaeque
1166 553 1331 601 locum
1360 562 1544 602 natura
1569 559 1827 619 rapiatur3

340 621 532 668 nullum
555 625 711 685 igitur
734 621 920 667 animal
945 629 1022 668 est
1046 625 1426 685 sempiternum.

403 687 556 735 “Sed
588 691 755 735 omnia
787 691 958 746 vestri,
990 688 1165 746 Balbe,
1197 689 1363 736 solent
1396 689 1460 737 ad
1489 692 1695 753 igneam
1725 692 1828 736 vim

340 754 545 812 referre,
571 755 886 802 Heraclitum
904 763 962 803 ut
980 760 1155 819 opinor
1178 763 1468 820 sequentes,
1487 773 1639 820 quem
1662 759 1827 820 ipsum

339 839 440 869 non
470 839 644 870 omnes
674 826 1076 885 interpretantur
1107 840 1207 870 uno
1238 825 1423 880 modo3
1473 827 1559 888 qui
1590 827 1828 888 quoniam

339 890 462 953 quid
487 891 680 937 diceret
704 890 934 955 intellegi
960 891 1138 947 noluit,
1165 895 1459 938 omittamus
1482 907 1494 948 ;
1538 907 1625 939 vos
1651 898 1825 938 autem

338 960 413 1004 ita
443 957 624 1014 dicitis,
656 974 859 1004 omnem
890 961 990 1004 vim
1027 975 1135 1005 esse
1170 962 1391 1022 igneam,
1422 962 1597 1022 itaque
1633 965 1687 1006 et
1723 962 1827 1005 ani-

338 1029 524 1072 mantis
555 1042 670 1072 cum
701 1025 834 1072 calor
865 1024 1110 1073 defecerit
1141 1032 1253 1072 tum
1283 1029 1492 1073 interire
1524 1033 1578 1073 et
1606 1028 1660 1073 in
1690 1028 1826 1072 omni

339 1099 522 1139 natura
548 1109 717 1139 rerum
745 1093 798 1140 id
826 1096 994 1140 vivere
1022 1094 1075 1140 id
1103 1096 1274 1157 vigere
1303 1094 1440 1156 quod
1468 1092 1647 1141 caleat.
1714 1093 1826 1157 Ego

339 1167 514 1207 autem
545 1177 647 1207 non
677 1159 920 1224 intellego
953 1177 1052 1223 quo
1083 1161 1235 1208 modo
1266 1160 1431 1207 calore
1464 1164 1690 1207 extincto
1721 1177 1826 1207 cor-

337 1243 460 1290 pora
474 1230 748 1283 intereant,
759 1245 859 1274 non
874 1231 1131 1274 intereant
1147 1244 1320 1274 umore
1333 1235 1422 1275 aut
1437 1231 1614 1291 spiritu
1627 1230 1825 1283 amisso,

335 1298 636 1357 praesertim
659 1312 773 1341 cum
795 1298 1052 1342 intereant
1077 1298 1231 1342 etiam
1261 1298 1413 1342 nimio
1436 1295 1600 1342 calore
1618 1311 1631 1352 ;
1672 1311 1825 1358 quam

338 1363 402 1409 ob
435 1378 543 1408 rem
575 1363 628 1409 id
660 1363 866 1425 quidem
898 1379 1164 1409 commune
1199 1369 1277 1409 est
1308 1363 1373 1410 de
1405 1362 1600 1419 calid03
1649 1378 1824 1409 verum

338 1436 514 1475 tamen
533 1430 792 1476 videamus
814 1433 1022 1476 exitum.
1086 1429 1168 1476 Ita
1186 1429 1333 1477 voltis
1358 1433 1550 1493 opinor,
1569 1428 1692 1475 nihil
1716 1445 1825 1476 esse

339 1496 526 1542 animal
560 1500 859 1544 intrinsecus
895 1500 948 1543 in
984 1504 1167 1544 natura
1203 1504 1359 1561 atque
1395 1498 1584 1545 mundo
1619 1504 1825 1560 praeter

337 1567 539 1627 ignem:
575 1567 661 1627 qui
686 1567 848 1628 magis
874 1581 1027 1628 quam
1054 1571 1260 1627 praeter
1292 1567 1529 1621 animam,
1553 1564 1689 1612 unde
1722 1567 1825 1610 am’-

336 1635 586 1678 mantium
609 1648 811 1695 quoque
833 1639 1033 1679 constet
1055 1635 1267 1688 animus,
1291 1648 1354 1679 ex
1377 1649 1477 1696 quo
1500 1630 1685 1678 animal
1706 1632 1825 1679 dici-

336 1705 421 1745 tur
442 1700 460 1746 ?
503 1698 616 1758 Quo
637 1700 788 1746 modo
810 1706 984 1746 autem
1004 1698 1099 1746 hoc
1121 1703 1263 1763 quasi
1283 1700 1589 1746 concedatur
1609 1702 1825 1756 sumitis,

336 1764 459 1812 nihil
479 1782 586 1813 esse
607 1770 830 1813 animum
848 1769 942 1813 nisi
960 1770 1132 1831 ignem
1155 1768 1172 1813 ?
1208 1766 1515 1830 probabilius
1535 1769 1670 1813 enim
1687 1766 1825 1813 vide-

337 1840 421 1880 tur
450 1833 553 1880 tale
585 1834 827 1897 quiddam
858 1850 966 1881 esse
998 1837 1222 1881 animum
1251 1841 1310 1881 ut
1339 1837 1405 1881 sit
1435 1850 1499 1881 ex
1528 1836 1634 1898 igni
1667 1840 1823 1897 atque

337 1904 506 1947 anima
536 1908 896 1964 temperatum.
969 1901 1160 1960 Quodsi
1191 1904 1320 1965 ignis
1358 1917 1422 1948 ex
1446 1917 1556 1948 sese
1580 1904 1688 1964 ipse
1718 1904 1822 1947 ani-

335 1967 437 2015 mal
465 1975 543 2015 est
568 1968 705 2015 nulla
731 1985 785 2016 se
813 1968 910 2015 alia
937 1970 1247 2016 admiscente
1274 1975 1473 2025 natura,
1500 1971 1738 2032 quoniam
1763 1971 1822 2024 is,

334 2052 450 2082 cum
477 2039 611 2083 inest
637 2039 689 2082 in
717 2037 1004 2099 corporibus
1033 2039 1232 2093 nostris,
1261 2036 1412 2083 efficit
1440 2042 1499 2083 ut
1526 2039 1821 2092 sentiamus,

336 2119 438 2151 non
459 2110 633 2166 potest
659 2106 768 2167 ipse
794 2120 903 2151 esse
928 2107 1035 2150 sine
1059 2120 1224 2152 sensu.
1291 2103 1479 2151 Rursus
1512 2103 1693 2151 eadem
1725 2103 1823 2150 dici

388 2254 409 2274 ⁰
437 2249 479 2291 A
497 2250 723 2303 fragment
749 2250 801 2291 of
824 2249 1074 2290 Heraclitus
1103 2262 1209 2291 runs
1239 2249 1358 2290 ‘The
1380 2261 1502 2290 same
1520 2245 1659 2289 world
1687 2245 1738 2289 of
1761 2245 1821 2287 all

334 2302 485 2356 things
519 2318 634 2346 none
667 2304 716 2346 of
748 2304 824 2345 the
860 2303 973 2357 gods
1006 2317 1087 2345 nor
1120 2317 1210 2356 any
1243 2317 1347 2344 man
1381 2302 1458 2344 did
1492 2302 1640 2351 make,
1674 2301 1755 2342 but
1788 2302 1821 2341 it

340 2356 506 2410 always
525 2371 615 2399 was
635 2358 724 2399 and
745 2360 780 2399 is
800 2358 889 2421 and
910 2358 995 2421 will
1017 2359 1072 2399 be
1091 2357 1350 2410 ever-living
1369 2356 1461 2428 fire,
1481 2356 1618 2410 being
1636 2352 1821 2397 kindled

334 2411 410 2490 by⁶
417 2411 1074 2508 mHegquEsczrliggx‘tfflgigglrifid
1087 2412 1593 2514 3bgrl223sssgegbscumm
1619 2462 1819 2515 linquam

342 2518 575 2562 Lucretius
594 2522 623 2564 i.
645 2523 743 2563 639.

340 2587 398 2631 31
410 2590 436 2631 8
