1919 3006
943 157 1194 206 CICERO

318 292 503 346 dicere,
530 289 595 336 ad
620 305 793 335 verum
818 291 984 350 ipsum
1010 294 1099 333 aut
1124 302 1277 350 quam
1300 289 1530 350 proxime
1556 287 1816 343 accedant,

319 368 572 415 confidere
605 367 698 413 sibi
729 371 988 428 poterunt.
1060 363 1135 411 Ut
1167 367 1302 411 enim
1334 363 1609 420 confidant,
1640 371 1819 412 notum

317 449 376 493 iis
413 460 523 492 esse
560 444 772 491 debebit
807 445 1005 506 insigne
1041 444 1164 498 veri,
1195 458 1294 504 quo
1325 442 1612 488 obscuratol
1644 449 1698 489 et
1732 458 1820 505 op-

318 539 490 588 presso
509 521 646 585 quod
662 520 874 567 tandem
892 536 1067 566 verum
1085 520 1178 566 sibi
1196 519 1504 566 videbuntur
1521 525 1776 583 attingere
1800 519 1820 566 ?

319 601 456 660 Quid
487 606 662 646 autem
693 605 801 644 tam
834 597 1050 644 absurde
1083 597 1180 643 dici
1211 603 1384 659 potest
1416 613 1569 660 quam
1600 613 1715 644 cum
1746 599 1822 643 ita

319 679 613 742 loquuntur,
651 675 780 722 ‘Est
826 673 921 721 hoc
969 674 1175 738 quidem
1222 673 1351 721 illius
1386 677 1460 720 rei
1495 677 1696 738 signum
1732 680 1822 721 aut

321 760 697 820 argumentum,
721 759 775 799 et
798 768 859 799 ea
880 768 934 798 re
957 752 1009 798 id
1031 768 1231 815 sequor,
1254 752 1345 799 sed
1367 751 1473 798 fieri
1495 758 1669 815 potest
1690 758 1749 799 ut
1769 751 1823 798 id

320 833 456 897 quod
481 831 792 896 significatur
819 837 908 876 aut
932 828 1115 876 falsum
1135 832 1200 876 sit
1219 836 1308 876 aut
1324 827 1448 875 nihil
1465 832 1531 876 sit
1549 832 1753 876 omnino
1772 827 1783 844 '
1803 829 1822 876 ?

320 911 422 958 Sed
449 910 513 957 de
541 911 871 972 perceptione
898 906 1146 954 hactenus
1170 922 1182 963 3
1229 910 1268 954 si
1297 910 1408 970 quis
1438 910 1573 954 enim
1601 923 1664 954 ea
1690 922 1823 970 quae

320 990 458 1037 dicta
487 994 606 1034 sunt
635 984 946 1032 labefactare
977 984 1132 1041 volet,
1161 983 1308 1031 facile
1341 987 1497 1032 etiam
1528 984 1823 1032 absentibus

319 1067 463 1114 nobis
488 1067 674 1111 veritas
699 1079 753 1110 se
777 1066 887 1126 ipsa
910 1061 1171 1110 defendet.

241 1151 295 1194 37
383 1143 504 1190 XII.
542 1141 683 1188 “His
714 1143 835 1187 satis
865 1143 1080 1204 cognitis
1115 1156 1247 1203 quae
1275 1142 1378 1186 iam
1407 1138 1661 1203 explicata
1688 1145 1824 1196 sunt,

321 1237 454 1269 nunc
476 1220 539 1267 de
563 1219 860 1266 adsensione
884 1225 1040 1281 atque
1063 1218 1447 1280 adprobatione,
1469 1233 1622 1281 quam
1644 1216 1824 1264 Graeci

319 1297 681 1363 συγκατάθεσιν
719 1303 919 1351 vocant,
957 1312 1121 1358 pauca
1156 1295 1548 1342 dicemus—non
1586 1311 1687 1359 quo
1723 1311 1824 1343 non

320 1377 453 1424 latus
476 1375 612 1422 locus
637 1377 719 1430 sit,
743 1374 833 1420 sed
854 1373 1006 1436 paulo
1031 1380 1150 1420 ante
1174 1376 1309 1420 iacta
1330 1380 1450 1420 sunt
1471 1371 1821 1420 fundamenta.

321 1454 454 1503 Nam
484 1469 600 1500 cum
630 1455 731 1498 vim
762 1467 893 1514 quae
925 1458 1061 1497 esset
1089 1453 1142 1496 in
1171 1451 1400 1498 sensibus
1431 1450 1825 1514 explicabamus,

321 1531 470 1580 simul
504 1529 627 1577 illud
661 1530 1003 1592 aperiebatur,
1029 1528 1322 1591 comprendi
1354 1527 1518 1575 multa
1546 1535 1600 1575 et
1634 1530 1823 1591 percipi

322 1610 571 1664 sensibus,
624 1607 760 1671 quod
812 1606 920 1653 fieri
972 1608 1079 1653 sine
1133 1606 1431 1653 adsensione
1483 1622 1585 1653 non
1634 1612 1822 1669 potest.

324 1686 527 1735 Deinde
559 1702 674 1732 cum
703 1687 838 1731 inter
867 1687 1147 1730 inanimum
1180 1690 1233 1731 et
1265 1683 1450 1730 animal
1479 1682 1574 1731 hoc
1603 1686 1825 1730 maxime

321 1767 523 1812 intersit
559 1762 694 1826 quod
731 1760 916 1807 animal
952 1764 1059 1825 agit
1095 1760 1284 1824 aliquid
1319 1760 1463 1825 (nihil
1498 1764 1634 1808 enim
1669 1777 1826 1826 agens

323 1859 388 1890 ne
424 1843 634 1905 cogitari
671 1840 877 1903 quidem
912 1846 1085 1902 potest
1120 1838 1270 1903 quale
1305 1838 1409 1903 sit),
1445 1846 1535 1887 aut
1569 1841 1616 1886 ei
1650 1855 1826 1886 sensus

324 1918 622 1966 adimendus
644 1924 723 1964 est
743 1923 833 1963 aut
853 1932 916 1963 ea
935 1933 1066 1980 quae
1088 1924 1167 1964 est
1185 1920 1237 1963 in
1257 1923 1430 1964 nostra
1447 1923 1708 1980 potestate
1729 1919 1827 1964 sita

247 2010 300 2049 38
324 1996 587 2044 reddenda
620 1995 865 2042 adsensio.
935 1995 1009 2041 At
1041 2010 1159 2041 vero
1193 1997 1389 2041 animus
1422 1994 1643 2058 quodam
1675 1994 1825 2041 modo

325 2078 534 2137 eripitur
552 2076 610 2119 iis
629 2089 754 2136 quos
772 2088 939 2135 neque
960 2075 1149 2119 sentire
1167 2088 1335 2135 neque
1355 2072 1596 2119 adsentiri
1616 2071 1792 2119 volunt
1813 2086 1826 2128 ;

324 2159 383 2199 ut
412 2154 547 2198 enim
574 2165 782 2198 necesse
817 2157 896 2197 est
922 2148 1120 2196 lancem
1147 2152 1200 2196 in
1226 2149 1373 2196 libra2
1401 2150 1709 2212 ponderibus
1735 2151 1825 2196 im·

736 2248 753 2273 ²
782 2247 1051 2288 Lambinus:
1083 2247 1271 2288 obscuro
1292 2248 1415 2288 codd.

773 2302 789 2326 ²
819 2301 978 2342 libram
999 2302 1122 2342 codd.
1144 2301 1367 2342 nonnulli.

387 2415 407 2434 ⁰
435 2411 521 2457 i.e.,
543 2409 749 2450 different
766 2408 883 2449 from
904 2408 1025 2448 what
1043 2410 1078 2448 it
1096 2420 1252 2448 seems.

389 2463 405 2488 δ
436 2465 522 2511 i.e.‚
539 2464 612 2504 the
636 2461 803 2503 mental
825 2466 1089 2514 acceptance
1113 2461 1162 2502 of
1180 2475 1208 2502 a
1226 2462 1450 2502 sensation
1474 2473 1522 2500 as
1541 2459 1659 2513 truly
1681 2473 1822 2513 repre-

331 2520 506 2570 senting
528 2518 603 2558 the
624 2517 797 2569 object3
834 2516 892 2569 cs.
919 2518 944 2557 i.
966 2520 1036 2557 40.
1441 2519 1458 2540 ⁰
1484 2518 1505 2563 ἓ
1523 2517 1594 2556 20.

333 2584 430 2629 514
