1919 3006
957 155 1208 204 CICERO

336 295 519 348 nervis,
545 299 623 339 est
653 297 826 337 autem
855 288 1122 351 multiplex
1153 294 1207 335 et
1235 294 1481 343 tortuosa,
1506 292 1746 350 arcetque
1775 291 1830 334 et

338 366 566 410 continet
608 365 711 409 sive
753 360 877 407 illud
919 361 1115 407 aridum
1158 365 1237 405 est
1277 362 1381 405 sive
1423 358 1652 405 umidum
1693 356 1829 421 quod

336 437 546 496 recepit,
578 440 636 480 ut
665 433 718 480 id
746 434 934 478 mutari
964 437 1018 478 et
1047 433 1290 493 concoqui
1318 432 1494 492 possit,
1525 444 1687 491 eaque
1717 435 1828 474 tum

339 508 635 568 astringitur
663 511 775 550 tum
802 501 1078 558 relaxatur,
1107 508 1263 564 atque
1291 517 1441 548 omne
1470 501 1607 564 quod
1635 503 1830 562 accepit

338 579 475 639 cogit
502 584 555 623 et
581 574 862 630 confundit,
888 581 947 621 ut
971 572 1118 620 facile
1146 581 1200 620 et
1225 572 1407 629 calore,
1433 589 1587 637 quem
1611 572 1829 619 multum

337 645 513 704 habet,
554 655 607 694 et
644 647 859 694 terendo
897 647 1009 693 cibo
1049 653 1103 693 et
1139 653 1409 709 praeterea
1446 649 1625 709 spiritu
1663 647 1832 692 omnia

337 725 482 765 cocta
512 726 667 782 atque
697 717 929 765 confecta
957 721 1008 764 in
1037 717 1288 781 reliquum
1318 734 1495 780 corpus
1525 716 1830 764 dividantur.

341 788 444 837 LV.
482 789 543 836 In
571 790 893 854 pulmonibus
924 797 1097 836 autem
1125 793 1260 836 inest
1287 792 1466 835 raritas
1496 789 1748 852 quaedam
1778 793 1833 835 et

341 861 579 909 adsimilis
607 866 828 927 spongiis
855 861 1120 909 mollitudo
1149 862 1214 909 ad
1239 860 1574 908 hauriendum
1600 863 1834 924 spiritum

341 937 617 997 aptissima,
650 938 736 998 qui
767 942 879 982 tum
911 951 965 982 se
1007 932 1314 982 contrahunt
1350 934 1683 996 adspirantes,
1719 940 1832 981 tum

338 1008 392 1052 in
420 1010 670 1070 respiratu
700 1006 996 1063 dilatantur,
1029 1013 1088 1053 ut
1119 1005 1416 1070 frequenter
1450 1006 1665 1054 ducatur
1693 1007 1833 1055 cibus

238 1081 318 1123 137
343 1077 570 1125 animalis
607 1095 707 1142 quo
742 1082 964 1125 maxime
997 1077 1201 1124 aluntur
1230 1081 1530 1125 animantes.
1593 1077 1673 1124 Ex
1701 1081 1833 1125 inte·

341 1152 486 1196 stinis
508 1157 683 1197 autem
705 1149 835 1197 alv01
860 1157 1084 1197 secretus
1107 1167 1137 1197 a
1155 1149 1349 1213 reliquo
1371 1150 1482 1197 cibo
1503 1165 1650 1197 sucus
1670 1152 1711 1196 is
1733 1166 1834 1213 quo

343 1219 523 1269 alimur
550 1230 820 1285 permanat
850 1222 915 1269 ad
942 1226 1081 1269 iecur
1109 1239 1201 1286 per
1230 1223 1476 1287 quasdam
1506 1239 1536 1269 a
1563 1223 1733 1270 medio
1760 1226 1836 1270 in-

342 1297 532 1341 testino
556 1311 715 1357 usque
741 1295 806 1342 ad
827 1301 999 1357 portas
1022 1298 1198 1342 iecoris
1222 1295 1311 1359 (sic
1336 1299 1471 1342 enim
1494 1295 1834 1361 appellantur)

344 1367 521 1414 ductas
543 1374 597 1414 et
617 1368 847 1414 derectas
868 1370 990 1423 vias,
1011 1383 1142 1430 quae
1161 1371 1424 1430 pertinent
1444 1368 1509 1415 ad
1527 1371 1666 1415 iecur
1686 1371 1835 1432 eique

345 1438 625 1487 adhaerent
646 1455 659 1495 3
694 1447 850 1503 atque
874 1440 993 1487 inde
1019 1439 1146 1487 aliae
1165 1439 1340 1490 <alio>²
1358 1443 1675 1504 pertinentes
1700 1448 1836 1499 sunt,

343 1527 436 1574 per
467 1528 591 1575 quas
622 1513 760 1559 cadit
790 1513 930 1559 cibus
963 1528 992 1558 a
1022 1515 1186 1560 iecore
1218 1511 1454 1575 dilapsus.
1518 1513 1602 1560 Ab
1634 1529 1694 1560 eo
1724 1514 1836 1561 cibo

344 1600 458 1630 cum
483 1590 561 1630 est
584 1591 781 1631 secreta
803 1584 914 1632 bilis
940 1588 1088 1648 eique
1112 1601 1311 1632 umores
1336 1588 1422 1649 qui
1446 1601 1475 1632 e
1497 1586 1701 1632 renibus
1723 1601 1836 1648 pro-

344 1654 643 1712 funduntur,
673 1656 868 1720 reliqua
898 1673 952 1703 se
982 1660 1035 1703 in
1065 1660 1365 1721 sanguinem
1396 1664 1604 1705 vertunt
1634 1658 1699 1705 ad
1730 1674 1837 1706 eas-

344 1727 564 1790 demque
589 1736 760 1790 portas
785 1732 960 1776 iecoris
990 1729 1267 1785 confluunt,
1291 1730 1356 1776 ad
1385 1747 1508 1793 quas
1532 1746 1706 1776 omnes
1730 1733 1836 1778 eius

343 1802 454 1846 viae
474 1804 736 1863 pertinent
758 1817 769 1857 ;
808 1817 899 1864 per
920 1818 1044 1864 quas
1065 1801 1233 1864 lapsus
1254 1802 1394 1848 cibus
1414 1804 1467 1847 in
1486 1800 1581 1849 hoc
1599 1805 1708 1865 ipso
1728 1801 1836 1849 loco

343 1875 395 1918 in
420 1889 533 1919 eam
558 1889 740 1920 venam
765 1890 896 1937 quae
921 1891 1044 1920 cava
1068 1872 1353 1936 appellatur
1377 1872 1702 1921 confunditur
1724 1891 1837 1937 per-

345 1960 444 2008 que
471 1961 583 1992 eam
610 1946 674 1992 ad
698 1962 782 1992 cor
806 1944 1064 1993 confectus
1088 1949 1190 1992 iam
1215 1951 1509 2009 coctusque³
1527 1946 1837 2009 perlabitur;

345 2032 374 2062 a
396 2018 545 2065 corde
569 2025 743 2064 autem
765 2021 816 2064 in
838 2025 1006 2065 totum
1029 2035 1207 2080 corpus
1230 2018 1548 2065 distribuitur
1568 2034 1660 2081 per
1682 2035 1836 2067 venas

345 2089 617 2137 admodum
631 2090 816 2137 multas
830 2094 880 2136 in
894 2107 1067 2137 omnes
1081 2098 1252 2153 partes
1270 2094 1486 2154 corporis
1499 2094 1829 2154 pertinentes.

239 2167 317 2208 138
343 2159 509 2218 Quem
547 2162 610 2209 ad
646 2162 853 2208 modum
891 2170 1064 2209 autem
1100 2162 1342 2225 reliquiae
1379 2163 1475 2209 cibi
1512 2161 1832 2225 depellantur

342 2238 453 2278 tum
495 2234 890 2295 astringentibus
931 2249 985 2279 se
1024 2236 1277 2279 intestinis
1317 2239 1428 2279 tum
1466 2232 1830 2291 relaxantibus,

393 2354 408 2378 ¹
437 2351 536 2393 alvo
559 2366 639 2393 om.
663 2353 765 2392 dett.
913 2352 929 2376 2
958 2351 1207 2403 Heindorf:
1242 2350 1326 2396 <ad
1347 2358 1497 2395 renes>
1520 2352 1771 2393 Ascensius.

422 2407 439 2432 ³
467 2407 736 2447 Ascensiusz
767 2409 1036 2457 coactusque
1059 2415 1167 2452 MSS„
1189 2409 1513 2458 concoctusque
1538 2404 1649 2446 Mad
1657 2407 1739 2458 viy.

586 2527 606 2546 ‘²
632 2520 727 2562 The
745 2521 904 2574 phleps
925 2520 1051 2569 koilez
1072 2519 1147 2561 the
1165 2523 1292 2574 great
1312 2519 1450 2561 trunk
1468 2521 1582 2562 vein.

334 2592 429 2635 254
