1919 3006
917 150 1167 198 CICERO

297 297 429 336 nem,
455 288 565 327 tum
607 284 779 343 paucis
818 281 1001 327 additis
1039 284 1180 327 venit
1221 281 1285 328 ad
1326 284 1522 338 soritas,
1547 281 1790 329 lubricum

295 369 416 400 sane
451 360 504 400 et
545 352 880 416 periculosum
922 353 1104 409 locum,
1139 355 1275 417 quod
1316 361 1374 401 tu
1406 355 1556 402 modo
1590 356 1792 403 dicebas

297 442 405 472 esse
464 429 701 472 vitiosum
757 427 1105 490 interrogandi
1162 444 1337 491 genus.
1429 428 1619 474 XXIX.
1657 428 1792 486 Quid

296 501 458 563 ergo?
516 503 660 547 istius
701 503 807 546 Vitii
848 518 970 547 num
1010 507 1183 547 nostra
1223 501 1371 564 culpa
1411 503 1531 549 est?
1603 502 1792 548 Rerum

294 579 478 618 natura
521 571 710 618 nullam
755 573 897 620 nobis
943 573 1086 619 dedit
1130 577 1472 637 cognitionem
1516 574 1690 620 finium
1735 580 1794 621 ut

294 643 395 690 ulla
424 647 474 690 in
511 661 565 691 re
603 652 830 692 statuere
867 649 1114 708 possimus
1152 653 1439 709 quatenus3
1488 663 1582 693 nec
1617 646 1711 693 hoc
1741 649 1793 692 in

295 734 471 764 acervo
492 722 645 765 tritici
666 718 827 765 solum
847 720 980 766 unde
1002 737 1188 766 nomen
1209 728 1303 776 est,
1324 721 1414 767 sed
1434 720 1569 767 nulla
1590 724 1792 767 omnino

293 793 345 836 in
384 795 799 838 re—minutatim
839 796 1157 856 interrogati,
1200 794 1338 841 dives
1379 811 1590 857 pauper,
1632 793 1792 841 clarus

295 865 533 912 obscurus
588 869 671 922 sit,
725 865 887 913 multa
941 884 1120 929 pauca,
1175 884 1362 931 magna
1414 884 1587 930 parva,
1640 867 1793 931 longa

292 938 482 994 brevia,
511 938 618 986 lata
649 947 882 1003 angusta,
914 948 1106 1003 quanto
1138 948 1227 987 aut
1258 941 1431 988 addito
1463 948 1553 988 aut
1582 941 1792 1003 dempto

218 1020 270 1060 93
292 1019 488 1058 certum
536 1013 933 1076 respondeamus
987 1020 1107 1061 nonl
1158 1013 1418 1062 habemus.
1503 1015 1576 1062 At
1627 1017 1791 1061 vitiosi

293 1092 412 1131 sunt
456 1089 655 1132 soritae.
736 1086 977 1150 Frangite
1021 1090 1176 1150 igitur
1221 1103 1323 1143 eos,
1368 1090 1408 1134 si
1451 1090 1684 1150 potestis,
1727 1103 1793 1134 ne

293 1157 494 1205 molesti
515 1162 645 1215 sint3
681 1167 830 1206 erunt
851 1163 1002 1216 enim,
1023 1164 1116 1207 nisi
1141 1164 1346 1208 cavetis.
1407 1160 1654 1208 ‘Cautum
1679 1159 1793 1216 est,'

293 1234 493 1296 inquit3
567 1233 770 1297 ‘placet
826 1238 960 1281 enim
1016 1234 1314 1299 Chrysippo,
1369 1252 1484 1282 cum
1537 1236 1793 1299 gradatim

293 1309 637 1371 interrogetur
657 1309 817 1372 (verbi
842 1310 1012 1372 causa)
1033 1312 1132 1355 tria
1149 1325 1312 1372 pauca
1337 1312 1438 1356 sint
1458 1326 1588 1356 anne
1613 1308 1793 1365 multa,

295 1378 554 1442 aliquanto
583 1384 720 1443 prius
751 1398 904 1444 quam
935 1381 1000 1428 ad
1028 1380 1192 1428 multa
1219 1384 1485 1444 perveniat
1515 1384 1793 1444 quiescere,

292 1451 344 1498 id
376 1459 454 1499 est
485 1453 622 1515 quod
658 1454 721 1500 ab
757 1456 815 1500 iis
851 1454 1034 1500 dicitur
1069 1452 1362 1516 ἡσυχάζειν.’
1426 1452 1437 1470 ‘
1462 1453 1559 1500 Per
1595 1470 1678 1500 me
1713 1451 1793 1499 vel

294 1532 479 1572 stertas
522 1525 676 1583 licet,’
719 1530 886 1591 inquit
930 1527 1236 1583 Carneades,
1280 1526 1291 1543 ‘
1315 1543 1417 1574 non
1459 1527 1609 1574 modo
1653 1529 1793 1590 quie-

295 1615 438 1655 scas;
498 1600 589 1647 sed
644 1600 766 1664 quid
823 1601 1061 1663 proficit?
1123 1603 1352 1664 sequitur
1407 1603 1542 1647 enim
1597 1602 1683 1663 qui
1737 1606 1794 1646 te

297 1688 361 1720 ex
419 1690 594 1721 somno
654 1678 846 1721 excitet
914 1682 967 1721 et
1027 1675 1208 1721 eodem
1266 1674 1416 1722 modo
1474 1677 1793 1737 interroget:

298 1744 323 1763 “
348 1746 461 1805 Quo
500 1751 553 1793 in
591 1765 801 1795 numero
841 1752 1145 1804 conticuisti,
1184 1752 1224 1795 si
1265 1749 1330 1795 ad
1369 1764 1486 1795 eum
1525 1764 1792 1794 numerum

298 1839 451 1868 unum
528 1823 786 1879 addidero,
859 1823 1087 1870 multane
1162 1831 1310 1870 erunt
1334 1824 1351 1869 ?
1377 1821 1792 1886 '’—progrediere

295 1915 461 1945 rursus
508 1900 676 1962 quoad
721 1899 1009 1946 videbitur.’
1088 1899 1224 1957 Quid
1269 1899 1454 1962 plura?
1516 1897 1611 1945 hoc
1658 1901 1788 1945 enim

295 1970 487 2028 fateris,
518 1989 684 2036 neque
720 1974 953 2020 ultimum
985 1981 1038 2020 te
1069 1990 1344 2036 paucorum
1375 1988 1542 2036 neque
1573 1975 1791 2035 primum

293 2045 567 2093 multorum
595 2048 902 2110 respondere
931 2064 1077 2110 posse
1102 2063 1113 2103 3
1161 2051 1298 2094 cuius
1327 2050 1526 2111 generis
1556 2062 1692 2093 error
1718 2049 1792 2093 ita

294 2127 469 2166 manat
519 2127 576 2167 ut
625 2137 725 2166 non
776 2121 974 2167 videam
1025 2137 1124 2183 quo
1173 2137 1275 2167 non
1323 2123 1482 2182 possit
1532 2119 1788 2166 accedere.

219 2200 272 2240 94
296 2190 304 2205 ‘
332 2190 465 2237 Nihil
510 2208 593 2239 me
639 2191 831 2248 laedit,'
878 2196 1060 2256 inquit,
1107 2191 1117 2209 ‘
1143 2209 1238 2256 ego
1286 2195 1420 2238 enim
1466 2198 1525 2238 ut
1571 2195 1792 2254 agitator

872 2311 887 2335 1
919 2310 1043 2362 [non]
1068 2310 1217 2350 Halm.

353 2410 372 2429 ⁰
403 2405 485 2445 See
519 2409 627 2453 §49.
686 2406 779 2446 The
801 2410 1037 2457 argument
1066 2407 1101 2445 is
1123 2405 1219 2445 that
1248 2405 1321 2445 the
1353 2418 1470 2446 mere
1498 2406 1715 2445 existence
1739 2404 1788 2443 of

290 2458 362 2499 the
403 2458 568 2500 Sorites
599 2459 744 2500 shows
783 2460 880 2500 that
917 2460 1040 2500 there
1078 2461 1113 2500 is
1145 2472 1203 2500 no
1233 2459 1340 2500 such
1382 2459 1511 2512 thing
1540 2471 1589 2499 as
1623 2457 1780 2510 logical

289 2515 506 2566 certainty
526 2527 576 2554 or
595 2513 796 2555 absolute
817 2513 1094 2566 knowledge.

291 2582 386 2623 584
