1853 3001
858 174 1111 224 CICERO

241 309 362 358 dam
389 311 678 372 opinionem
708 310 928 370 anquirit
958 309 1153 353 animus
1183 311 1237 352 et
1266 303 1480 351 formam
1510 309 1564 350 et
1592 305 1728 349 vitae

243 384 496 428 actionem
518 381 806 440 mentisque
830 379 1182 440 agitationem1
1206 378 1258 420 in
1280 375 1392 421 deo.

167 458 220 497 46
306 450 500 497 XVIII.
537 448 564 465 “
589 450 664 495 Ac
694 448 759 495 de
787 446 950 494 forma
978 447 1184 510 quidem
1212 448 1398 508 partim
1426 451 1609 490 natura
1635 457 1727 489 nos

245 523 503 576 admonet,
519 522 705 582 partim
720 522 848 565 ratio
865 518 1029 565 docet.
1099 516 1230 562 Nam
1246 533 1275 562 a
1290 522 1472 562 natura
1482 514 1727 562 habemus

245 608 420 640 omnes
454 593 678 637 omnium
711 592 942 653 gentium
977 591 1197 650 speciem
1231 586 1420 633 nullam
1454 585 1603 632 aliam
1635 586 1729 631 nisi

245 661 519 709 humanam
555 661 799 716 deorum3
853 675 984 722 quae
1022 662 1156 705 enim
1191 656 1352 704 forma
1387 657 1485 703 alia
1519 657 1732 703 occurrit

246 749 490 797 umquam
515 738 605 778 aut
629 731 856 794 vigilanti
882 734 1116 793 cuiquam
1142 736 1231 775 aut
1256 729 1525 775 dormienti
1546 727 1565 773 ?
1632 724 1732 772 Sed

247 821 312 852 ne
346 807 515 851 omnia
547 809 846 849 revocentur
880 801 945 847 ad
977 804 1162 862 primas
1197 803 1445 855 notiones,
1477 801 1606 845 ratio
1639 795 1734 844 hoc

172 885 224 923 47
248 877 384 923 idem
430 878 540 937 ipsa
586 872 824 920 declarat.
894 871 1025 917 Nam
1072 888 1186 918 cum
1232 872 1734 933 praestantissumam

247 953 499 1001 naturam,
535 943 615 991 vel
658 947 776 1007 quia
817 943 971 989 beata
1015 949 1093 990 est
1130 941 1210 989 vel
1251 946 1370 1005 quia
1409 943 1735 1003 sempiterna,

248 1020 514 1066 convenire
540 1017 772 1063 videatur
797 1015 1013 1061 eandem
1040 1030 1148 1061 esse
1173 1012 1578 1076 pulcherrimam,
1603 1027 1735 1076 quae

249 1092 526 1152 conpositio
559 1088 917 1141 membrorum,
952 1101 1082 1149 quae
1115 1084 1445 1132 conformatio
1475 1083 1735 1131 liniamen-

248 1167 435 1216 torum,
460 1176 590 1222 quae
615 1158 792 1222 figura,
818 1173 948 1220 quae
973 1160 1163 1219 species
1187 1155 1410 1203 humana
1431 1162 1602 1219 potest
1626 1170 1736 1202 6556

249 1229 539 1295 pulchrior?
606 1228 706 1275 Vos
741 1229 964 1292 quidem,
999 1227 1177 1283 Lucili,
1208 1227 1378 1275 soletis
1413 1228 1551 1291 (nam
1584 1226 1737 1273 Cotta

249 1318 392 1350 meus
417 1299 567 1347 modo
592 1298 686 1346 hoc
711 1299 861 1346 modo
886 1298 1046 1362 illud),
1071 1315 1186 1345 cum
1212 1298 1477 1345 artificium
1501 1298 1737 1361 effingitis

250 1372 595 1435 fabricamque
632 1371 870 1426 divinam,
907 1386 1061 1433 quam
1097 1373 1197 1416 sint
1234 1373 1402 1416 omnia
1436 1373 1489 1416 in
1523 1369 1737 1416 hominis

252 1444 414 1508 figura
430 1459 531 1489 non
548 1442 699 1488 modo
719 1442 783 1489 ad
800 1458 947 1488 usum
965 1457 1139 1487 verum
1159 1444 1314 1487 etiam
1333 1442 1398 1489 ad
1415 1448 1737 1488 venustatem

175 1523 229 1563 48
253 1522 375 1579 apta
410 1514 711 1561 describere.
783 1512 975 1571 Quodsi
1011 1515 1235 1559 omnium
1272 1515 1605 1559 animantium
1640 1511 1738 1558 for-

251 1602 389 1634 mam
414 1588 570 1632 vincit
594 1583 807 1631 hominis
834 1584 1011 1648 figura,
1038 1584 1162 1631 deus
1190 1591 1363 1630 autem
1390 1587 1616 1630 animans
1642 1590 1738 1639 est,

254 1674 317 1706 ea
340 1657 502 1721 figura
524 1654 751 1718 profecto
778 1662 856 1701 est
881 1671 1011 1718 quae
1035 1654 1371 1717 pulcherrima
1396 1662 1474 1702 est
1497 1657 1739 1711 omnium,

254 1731 596 1794 quoniamque
636 1726 757 1773 deos
796 1727 1112 1773 beatissimos
1153 1742 1262 1773 esse
1302 1733 1518 1783 constat,
1557 1727 1738 1773 beatus

256 1806 431 1847 autem
459 1813 569 1845 esse
598 1800 705 1843 sine
734 1800 921 1843 virtute
950 1814 1100 1844 nemo
1127 1804 1299 1859 potest
1327 1814 1421 1844 nec
1448 1800 1604 1844 virtus
1632 1800 1739 1844 sine

254 1873 451 1918 ratione
495 1875 727 1915 constare
772 1884 866 1915 nec
910 1871 1039 1915 ratio
1085 1885 1298 1931 usquam
1342 1872 1506 1915 inesse
1551 1871 1645 1915 m‘si
1688 1871 1741 1914 in

255 1940 469 1988 hominis
493 1939 670 2004 figura,
693 1938 907 1985 hominis
932 1955 1040 1985 esse
1065 1942 1230 2001 specie
1255 1940 1375 1986 deos
1398 1939 1741 1986 confitendum

180 2019 234 2060 49
258 2018 351 2059 est.
421 2010 527 2056 Nec
567 2017 743 2056 tamen
784 2026 845 2056 ea
884 2012 1075 2072 species
1116 2026 1293 2072 corpus
1335 2017 1430 2066 est,
1470 2011 1560 2058 sed
1600 2013 1741 2074 quasi

257 2097 453 2144 corpus,
475 2097 568 2127 nec
589 2080 746 2127 habet
768 2083 1083 2144 sanguinem,
1105 2081 1195 2128 sed
1216 2083 1358 2144 quasi
1379 2084 1691 2145 sanguinem.

320 2152 461 2199 XIX.
498 2150 526 2167 “
552 2151 693 2197 Haec
713 2167 1022 2214 quamquam
1042 2158 1095 2198 et
1113 2154 1321 2198 inventa
1338 2159 1457 2198 sunt
1476 2155 1669 2199 acutius
1690 2158 1744 2199 et

258 2222 395 2270 dicta
423 2221 653 2269 subtilius
683 2222 747 2268 ab
777 2221 1011 2284 Epicuro,
1041 2238 1193 2284 quam
1223 2229 1281 2268 ut
1309 2225 1468 2285 quivis
1498 2238 1560 2269 ea
1585 2226 1744 2285 possit

259 2308 549 2357 agnoscere,
579 2298 755 2338 tamen
785 2290 946 2338 fretus
976 2292 1327 2356 intellegentia
1358 2299 1526 2340 vestra
1555 2293 1743 2341 dissero

324 2400 341 2425 ¹
369 2401 486 2440 vitae
515 2430 526 2442 .
557 2431 568 2442 .
600 2431 610 2442 .
641 2401 929 2452 agitationem
944 2399 1096 2441 Beier:
1131 2402 1268 2440 vitam
1288 2404 1332 2441 et
1349 2401 1569 2441 actionem
1588 2402 1746 2442 mentis

264 2457 399 2507 atque
480 2455 708 2494 stationem
723 2465 850 2496 ussa
880 2455 1017 2495 vitam
1038 2458 1081 2495 et
1099 2456 1319 2495 actionem
1340 2455 1589 2508 mentisque
1606 2457 1746 2508 agita·

262 2508 429 2549 tionem
490 2507 672 2551 lvonioh.

262 2577 321 2625 48
