1853 3001
885 212 1137 262 CICERO

268 359 402 392 nunc
424 341 740 406 reprehendo
764 343 900 406 quod
923 344 988 391 ad
1010 343 1325 406 voluptatem
1347 345 1515 390 omnia
1535 341 1755 389 referan-

269 420 355 461 tur
381 414 498 477 (alia
519 421 597 460 est
623 431 683 460 ea
709 413 977 477 quaestio),
994 415 1084 461 sed
1108 415 1264 461 doceo
1284 414 1404 461 deos
1428 420 1619 460 vestros
1645 428 1755 460 esse

270 485 543 548 voluptatis
557 492 809 548 expertes,
819 488 891 531 ita
902 492 1068 531 vestro
1076 485 1258 532 iudicio
1268 501 1332 531 ne
1341 485 1519 531 beatos
1530 482 1754 547 quidem.

162 566 240 607 114
263 557 400 604 XLI.
472 556 482 572 ‘
507 557 579 602 At
626 555 796 603 dolore
839 554 1055 602 vacant.'
1120 555 1263 602 Satin
1306 562 1384 602 est
1420 555 1474 603 id
1519 555 1583 602 ad
1619 553 1755 600 illam

271 628 617 675 abundantem
657 628 800 673 bonis
841 630 997 673 vitam
1036 626 1422 673 beatissimam?
1482 625 1492 642 ‘
1517 623 1752 689 Cogitat’

268 703 504 763 inquiunt
549 697 559 713 ‘
585 698 794 745 adsidue
847 699 1058 744 beatum
1117 713 1226 744 esse
1271 713 1355 753 se3
1418 696 1576 744 habet
1620 699 1755 743 enim

270 770 392 818 nihil
408 770 543 816 aliud
564 770 699 833 quod
718 772 881 833 agitet
899 772 951 814 in
969 768 1179 815 mente.'
1216 768 1583 832 Conprehende
1601 771 1757 832 igitur

270 846 436 889 animo
475 848 528 887 et
563 857 787 904 propone
825 847 945 886 ante
982 839 1148 886 oculos
1185 840 1339 887 deum
1374 839 1498 885 nihil
1533 839 1669 886 aliud
1703 841 1756 885 in

270 917 404 961 omni
453 915 760 958 aeternitate
808 914 901 957 nisi
937 909 1097 956 ‘Mihi
1138 909 1343 973 pulchre
1383 909 1491 957 est'
1527 917 1581 957 et
1615 909 1756 973 ‘Ego

269 987 450 1033 beatus
498 982 639 1030 sum'
688 986 1014 1046 cogitantem.
1088 981 1195 1028 Nec
1241 989 1416 1029 tamen
1463 982 1608 1028 video
1656 998 1756 1044 quo

268 1057 418 1103 modo
461 1072 562 1101 non
603 1061 838 1100 vereatur
878 1057 975 1100 iste
1019 1053 1142 1100 deus
1185 1054 1367 1100 beatus
1409 1068 1474 1099 ne
1514 1056 1755 1106 intereat,

268 1145 384 1176 cum
432 1131 537 1174 sine
586 1125 687 1172 ulla
733 1127 1103 1172 intermissione
1151 1124 1380 1187 pulsetur
1428 1127 1755 1187 agiteturque

269 1207 553 1248 atomorum
593 1200 874 1243 incursione
915 1199 1241 1258 sempiterna,
1283 1211 1500 1258 cumque
1542 1211 1606 1242 ex
1646 1198 1756 1258 ipso

267 1274 514 1334 imagines
541 1284 742 1330 semper
769 1267 975 1314 afluant.
1044 1267 1127 1313 Ita
1153 1283 1246 1313 nec
1272 1267 1454 1314 beatus
1483 1273 1562 1314 est
1588 1273 1757 1314 vester

270 1344 394 1390 deus
417 1358 510 1387 nec
534 1347 785 1386 aeternus.

167 1421 247 1462 115
335 1413 362 1429 “
384 1413 393 1429 ‘
414 1414 486 1459 At
512 1415 667 1458 etiam
687 1411 749 1456 de
770 1412 1059 1465 sanctitate,
1080 1409 1144 1456 de
1163 1411 1358 1471 pietate
1379 1409 1615 1455 adversus
1635 1408 1756 1456 deos

270 1486 419 1531 libros
444 1485 639 1544 scripsit
671 1479 950 1543 Epicurus.'
1018 1481 1090 1526 At
1121 1495 1219 1541 quo
1244 1479 1394 1526 modo
1417 1483 1470 1525 in
1494 1478 1569 1525 his
1600 1479 1758 1542 loqui-

269 1557 393 1603 tur?
462 1554 536 1600 Ut
563 1553 620 1599 T.
652 1553 1020 1598 Coruncanium
1056 1557 1145 1596 aut
1181 1549 1235 1596 P.
1267 1548 1558 1596 Scaevolam
1592 1552 1758 1612 ponti-

271 1628 387 1674 fices
421 1627 666 1671 maximos
701 1631 754 1670 te
790 1623 963 1669 audire
998 1622 1151 1677 dicaS,
1185 1638 1286 1667 non
1321 1637 1438 1667 eum
1472 1624 1558 1684 qui
1593 1627 1757 1667 sustu-

270 1699 387 1746 lerit
430 1713 632 1744 omnem
676 1693 904 1741 funditus
947 1692 1243 1756 religionem
1287 1707 1380 1738 nec
1423 1693 1654 1738 manibus
1699 1698 1758 1738 ut

270 1771 466 1817 Xerxes
503 1767 593 1814 sed
628 1767 905 1812 rationibus
943 1765 1153 1811 deorum
1187 1762 1529 1809 inmortalium
1565 1762 1760 1825 templa

272 1848 326 1888 et
352 1856 461 1886 aras
488 1840 742 1885 everterit.
813 1835 948 1894 Quid
974 1841 1052 1881 est
1078 1837 1229 1889 enim,
1255 1850 1341 1879 cur
1366 1833 1486 1880 deos
1513 1834 1576 1880 ab
1601 1832 1758 1880 homi-

272 1912 418 1958 nibus
441 1909 674 1956 colendos
698 1908 850 1962 dicas,
873 1923 987 1953 cum
1011 1906 1093 1952 dei
1115 1922 1215 1951 non
1236 1905 1386 1951 modo
1408 1903 1635 1951 homines
1657 1921 1758 1952 non

169 1990 248 2031 116
272 1982 459 2028 colantl
496 1980 586 2026 sed
622 1982 824 2025 omnino
862 1975 985 2022 nihil
1020 1982 1198 2023 curent
1233 1974 1356 2021 nihil
1392 1975 1589 2039 agant?
1656 1974 1759 2022 ‘At

274 2061 352 2101 est
399 2067 573 2098 eorum
621 2052 805 2096 eximia
852 2047 1103 2110 quaedam
1149 2053 1514 2109 praestansque
1561 2052 1758 2102 natura,

273 2131 332 2171 ut
373 2139 434 2170 ea
469 2123 658 2169 debeat
697 2123 806 2182 ipsa
846 2135 937 2181 per
971 2134 1025 2165 se
1062 2117 1127 2164 ad
1161 2133 1215 2164 se
1257 2116 1518 2164 colendam
1560 2116 1758 2164 allicere

272 2191 590 2257 sapientem.'
658 2192 740 2237 An
774 2193 1043 2253 quicquam
1080 2190 1320 2235 eximium
1355 2193 1528 2250 potest
1564 2202 1672 2234 esse
1706 2189 1759 2234 in

516 2289 533 2314 1
564 2288 815 2329 hominibus
837 2300 925 2327 non
947 2285 1177 2327 consulant
1204 2284 1448 2324 Manutius.

343 2413 362 2432 ⁰
393 2407 614 2458 Diogenes
637 2404 838 2444 Laertius
858 2417 899 2444 x.
921 2405 973 2442 99
997 2403 1215 2442 mentions
1235 2414 1262 2441 a
1281 2401 1458 2440 treatise
1479 2400 1530 2441 of
1542 2399 1760 2452 Epicurus

287 2465 387 2511 Περὶ
409 2464 622 2506 ὁσιότητος.

350 2515 364 2539 ‘³
393 2515 486 2554 The
522 2513 654 2553 Latin
689 2524 794 2552 runs
829 2515 840 2532 ⁶
855 2509 913 2551 do
947 2513 1023 2550 not
1055 2508 1246 2560 worship
1280 2506 1414 2556 men‚'
1447 2506 1536 2548 and
1571 2505 1760 2560 perhaps

285 2569 443 2610 should
466 2568 518 2608 be
538 2565 704 2607 altered
723 2569 770 2606 to
789 2567 905 2617 give,
927 2568 937 2584 ‘
952 2564 1011 2604 do
1032 2567 1108 2604 not
1128 2562 1260 2614 study
1281 2561 1422 2602 mcn's
1442 2560 1674 2603 interests.’

297 2639 389 2680 110
