1919 3006
248 509 298 549 13

944 203 1196 252 CICERO

324 340 458 383 enim
502 339 767 389 mentitur,
809 342 985 380 tamen
1023 341 1101 381 est
1143 334 1457 381 adversarius
1493 333 1667 382 lenior.
1735 335 1819 384 Ad

323 418 583 465 Arcesilan
609 415 1029 478 Carneademque
1055 414 1369 462 veniamus.''

387 499 446 546 V.
484 498 630 557 Quae
647 513 762 543 cum
779 496 1006 552 dixisset,
1024 499 1093 542 sic
1107 512 1276 543 rursus
1295 512 1501 543 exorsus
1519 503 1598 544 est
1621 513 1632 544 t
1667 495 1695 513 “
1720 496 1824 544 Pri-

323 597 464 627 mum
478 578 601 626 mihi
618 579 859 625 videmini
872 576 1050 624 '’—me
1064 584 1238 624 autem
1250 576 1514 643 [nomine]1
1532 578 1825 641 appellabat

322 660 416 698 -“
443 678 558 708 cum
575 667 775 707 veteres
793 658 1025 723 physicos
1044 662 1332 715 nominatis,
1351 658 1518 706 facere
1535 659 1672 706 idem
1690 660 1826 723 quod

324 743 550 790 seditiosi
583 745 714 788 cives
745 740 910 788 solent
940 757 1055 787 cum
1088 741 1280 803 aliquos
1316 757 1378 787 ex
1413 744 1633 804 antiquis
1668 741 1825 789 claros

326 828 454 871 viros
476 822 743 887 proferunt
765 838 889 885 quos
913 822 1085 869 dicant
1105 820 1261 868 fuisse
1281 822 1549 885 populares
1572 829 1630 870 ut
1653 838 1827 870 eorum

324 909 419 969 ipsi
461 904 646 952 similes
690 920 800 951 esse
840 904 1123 950 videantur.
1193 903 1459 966 Repetunt
1501 907 1636 950 enim
1673 910 1721 951 a2
1769 903 1824 952 P.

324 987 525 1034 Valerio
560 989 645 1049 qui
681 989 872 1032 exactis
905 986 1110 1049 regibus
1144 988 1306 1048 primo
1341 1002 1472 1032 anno
1507 985 1680 1033 consul
1711 985 1827 1043 fuit,

324 1074 724 1117 commemorant
759 1067 978 1130 reliquos
1012 1070 1098 1130 qui
1133 1066 1273 1131 leges
1309 1067 1577 1130 populares
1615 1067 1680 1114 de
1714 1083 1828 1131 pro-

326 1150 671 1198 vocationibus
688 1149 901 1196 tulerint
916 1165 1031 1195 cum
1050 1148 1278 1195 consules
1300 1155 1472 1195 essent
1489 1163 1501 1205 3
1525 1155 1638 1196 tum
1654 1149 1719 1196 ad
1736 1148 1827 1196 hos

326 1235 566 1288 notiores,
601 1230 655 1278 C.
693 1230 996 1277 Flaminium
1031 1233 1116 1293 qui
1148 1229 1319 1294 legem
1353 1233 1602 1294 agrariam
1636 1230 1829 1294 aliquot

328 1317 470 1362 annis
494 1320 614 1360 ante
636 1312 915 1359 secundum
937 1311 1183 1358 Punicum
1203 1311 1393 1358 bellum
1414 1312 1646 1359 tribunus
1666 1311 1828 1375 plebis

324 1395 502 1443 tulerit
533 1398 691 1442 invito
724 1401 907 1441 senatu
941 1401 994 1440 et
1024 1400 1206 1456 postea
1235 1393 1312 1440 bis
1345 1393 1517 1440 consul
1548 1391 1712 1441 factus
1744 1397 1828 1450 sit,

326 1476 385 1525 L.
428 1476 674 1532 Cassium,
715 1475 777 1534 Q.
820 1474 1156 1538 Pompeium;
1214 1474 1284 1522 illi
1324 1475 1532 1539 quidem
1573 1478 1730 1522 etiam
1769 1474 1826 1523 P.

325 1557 623 1607 Africanum
637 1556 829 1604 referre
845 1560 898 1604 in
915 1557 1136 1604 eundem
1151 1572 1420 1604 numerum
1435 1556 1615 1604 solent.
1685 1556 1827 1604 Duos

324 1656 444 1688 vero
470 1642 866 1702 sapientissimos
895 1645 949 1686 et
974 1638 1270 1685 clarissimos
1297 1637 1480 1685 fratres
1507 1637 1562 1685 P.
1591 1637 1828 1686 Crassum

327 1729 382 1770 et
416 1720 471 1768 P.
509 1720 802 1768 Scaevolam
839 1723 982 1767 aiunt
1014 1719 1089 1766 Ti.
1126 1719 1353 1766 Graccho
1389 1726 1620 1766 auctores
1653 1719 1828 1784 legum

326 1802 500 1859 fuisse,
530 1802 747 1849 alterum
776 1802 983 1865 quidem
1012 1801 1091 1864 (ut
1118 1800 1366 1865 videmus)
1394 1800 1581 1864 palam,
1610 1800 1827 1848 alterum

328 1885 408 1949 (ut
429 1883 767 1947 suspicantur)
792 1884 1064 1930 obscurius.
1089 1883 1304 1930 Addunt
1327 1886 1483 1929 etiam
1505 1881 1560 1929 C.
1587 1882 1827 1939 Marium,

328 1974 382 2013 et
406 1966 471 2013 de
495 1965 590 2012 hoc
615 1965 821 2029 quidem
846 1964 969 2011 nihil
992 1968 1326 2011 mentiuntur.
1396 1963 1592 2010 Horum
1615 1966 1828 2010 nomini-

325 2048 419 2094 bus
450 2053 531 2094 tot
562 2049 779 2093 virorum
812 2053 968 2109 atque
999 2053 1261 2093 tantorum
1293 2048 1534 2109 expositis
1568 2061 1741 2092 eorum
1772 2059 1827 2092 se

252 2140 302 2179 14
326 2131 619 2176 institutum
652 2131 795 2191 sequi
830 2128 1019 2174 dicunt.
1089 2126 1329 2174 Similiter
1353 2143 1456 2182 vos,
1481 2142 1596 2173 cum
1628 2133 1826 2189 pertur-

326 2211 450 2257 bare
479 2216 538 2256 ut
565 2209 635 2256 illi
662 2225 771 2256 rem
799 2209 1055 2271 publicam
1083 2211 1152 2255 sic
1181 2224 1266 2255 vos
1295 2206 1663 2270 philosophiam
1690 2207 1825 2254 bene

328 2296 429 2338 iam
468 2294 799 2337 constitutam
840 2290 1021 2346 velitis,
1061 2288 1425 2352 Empedoclen,
1464 2289 1823 2352 Anaxagoran,

330 2373 698 2428 Democritum,
738 2371 1093 2428 Parmeniden,
1131 2369 1519 2434 Xenophanem,
1557 2368 1823 2416 Platonem

903 2501 919 2525 1
950 2499 1162 2553 [nomine]
1185 2500 1250 2540 ed.

633 2555 650 2580 ⁸
678 2557 795 2596 enim
817 2569 843 2595 a
864 2554 1007 2596 Reid:
1040 2556 1127 2595 iam
1150 2558 1228 2594 aut
1249 2555 1336 2594 iam
1359 2566 1385 2594 a
1405 2553 1529 2594 codd.

335 2626 432 2669 482
