1919 3006
990 193 1241 242 CICERO

367 330 673 372 cerneretur.
732 322 849 369 Elii1
874 322 1054 369 similia
1076 323 1167 370 sed
1189 325 1364 385 opinor
1387 321 1641 386 explicata
1662 321 1865 369 uberius

260 416 340 456 130
366 413 419 453 et
459 408 697 453 ornatius.
772 404 879 451 Hos
919 407 959 451 si
999 408 1368 452 contemnimus
1409 411 1463 452 et
1500 407 1603 451 iam
1642 404 1866 451 abiectos

366 494 622 551 putamus,
649 485 757 533 illos
785 493 923 533 certe
950 489 1115 533 minus
1143 486 1402 549 despicere
1429 486 1674 533 debemus
1699 501 1711 533 z
1755 485 1866 532 Ari-

367 577 584 625 stonem,
611 571 697 632 qui
723 585 839 616 cum
864 567 1078 615 Zenom's
1105 566 1286 615 fuisset
1312 568 1529 624 auditor,
1554 584 1609 615 re
1634 567 1868 630 probavit

369 667 430 697 ea
450 667 581 714 quae
600 649 684 696 ille
705 650 887 705 verbis,
907 648 1030 695 nihil
1055 666 1164 696 esse
1190 650 1381 697 bonum
1400 652 1494 696 nisi
1513 652 1756 696 virtutem
1774 664 1868 696 nec

367 731 557 779 malum
583 735 679 778 nisi
705 731 842 794 quod
867 734 1042 778 virtuti
1069 738 1205 778 esset
1230 734 1536 778 contrarium
1559 746 1571 787 ς
1613 734 1666 777 in
1690 729 1868 777 mediis

368 830 430 861 ea
470 820 733 860 momenta
775 829 905 876 quae
947 812 1083 860 Zeno
1125 812 1284 861 voluit
1324 812 1462 860 nulla
1503 829 1613 860 esse
1655 815 1866 859 censuit.

368 895 500 942 Huic
536 912 789 942 summum
823 895 1014 942 bonum
1051 902 1130 942 est
1163 898 1216 941 in
1249 894 1325 942 his
1359 895 1511 942 rebus
1546 901 1782 941 neutram
1816 896 1869 939 in

366 984 567 1040 partem
618 979 827 1033 moveri,
881 993 1012 1040 quae
1069 976 1324 1039 ἀδιαφορία
1381 977 1444 1023 ab
1492 979 1601 1040 ipso
1648 975 1868 1031 dicitur3

368 1058 559 1123 Pyrrho
586 1061 760 1105 autem
786 1075 848 1105 ea
870 1074 934 1105 ne
961 1061 1150 1105 sentire
1176 1058 1382 1122 quidem
1407 1061 1710 1121 sapientem,
1735 1072 1867 1121 quae

368 1140 569 1187 ἀπάθεια
613 1142 917 1187 nominatur.
996 1139 1104 1187 Has
1152 1143 1309 1204 igitur
1356 1147 1437 1187 tot
1484 1141 1766 1187 sententias
1809 1144 1868 1186 ut

367 1224 680 1278 omittamus,
701 1220 828 1268 haec
849 1238 983 1268 nunc
1004 1221 1264 1268 videamus
1286 1238 1418 1285 quae
1439 1221 1526 1269 diu
1546 1220 1867 1284 multumque

263 1313 339 1354 131
369 1303 580 1351 defensa
599 1310 731 1350 sunt.
795 1302 896 1350 Alii
921 1302 1240 1366 voluptatem
1265 1303 1419 1350 finem
1439 1319 1549 1350 esse
1568 1301 1866 1358 voluerunt3

367 1402 581 1449 quorum
614 1388 846 1448 princeps
881 1385 1170 1448 Aristippus
1205 1387 1290 1448 qui
1323 1384 1584 1432 Socratem
1618 1384 1867 1440 audierat,

366 1467 501 1514 unde
556 1466 855 1530 Cyrenaici3
922 1473 1038 1529 post
1091 1466 1355 1529 Epicurus,
1403 1469 1543 1514 cuius
1597 1473 1676 1513 est
1723 1465 1865 1513 disci-

366 1548 504 1612 plina
533 1565 665 1595 nunc
690 1551 855 1595 notior
885 1564 978 1595 nec
1007 1555 1183 1595 tamen
1213 1565 1327 1595 cum
1356 1547 1645 1612 Cyrenaicis
1669 1547 1734 1595 de
1757 1550 1867 1610 ipsa

367 1629 632 1692 voluptate
675 1632 1010 1676 consentiens.
1100 1629 1432 1692 Voluptatem
1474 1636 1648 1676 autem
1684 1635 1739 1676 et
1778 1627 1867 1677 ho-

367 1718 625 1758 nestatem
662 1710 815 1758 finem
853 1727 962 1758 esse
1000 1710 1227 1773 Callipho
1265 1713 1478 1768 censuit,
1515 1726 1692 1758 vacare
1729 1712 1865 1757 omni

366 1792 602 1840 molestia
659 1792 1019 1856 Hieronymus,
1077 1791 1171 1839 hoc
1227 1793 1364 1840 idem
1422 1809 1537 1840 cum
1592 1791 1864 1840 honestate

369 1874 637 1930 Diodorus,
690 1875 838 1921 ambo
888 1873 940 1920 hi
992 1873 1354 1937 Peripatetici3
1423 1873 1638 1921 honeste
1690 1880 1864 1921 autem

367 1959 534 2002 vivere
560 1954 818 2002 fruentem
844 1956 994 2002 rebus
1020 1958 1078 2002 iis
1106 1972 1229 2019 quas
1256 1959 1442 2019 primas
1467 1954 1657 2002 homini
1683 1961 1866 2002 natura

367 2037 599 2084 conciliet
648 2044 702 2084 et
749 2044 895 2084 vetus
944 2037 1224 2084 Academia
1270 2040 1485 2093 censuit,
1533 2043 1592 2084 ut
1638 2036 1865 2083 indicant

368 2122 553 2181 scripta
587 2117 871 2165 Polemonis
907 2135 1059 2182 quem
1093 2117 1374 2166 Antiochus
1408 2119 1592 2182 probat
1625 2121 1864 2174 maxime,

368 2208 422 2247 et
458 2199 760 2247 Aristoteles
799 2203 1007 2263 eiusque
1046 2203 1191 2247 amici
1227 2199 1326 2247 huc
1361 2203 1590 2263 proxime
1628 2199 1864 2246 videntur

467 2339 483 2365 ¹
515 2338 599 2379 Elii
618 2339 703 2391 (vel
727 2340 884 2390 Eliaci)
905 2340 1020 2380 Reid
1039 2358 1048 2381 :
1088 2339 1180 2387 ulli,
1200 2339 1263 2380 illi
1281 2340 1431 2381 codd.:
1462 2338 1620 2380 Herilli
1641 2338 1766 2380 Mdv.

426 2507 444 2525 ‘⁸
473 2501 567 2541 The
595 2503 706 2542 term
738 2503 772 2541 is
803 2515 924 2541 more
953 2501 1074 2542 often
1103 2500 1282 2553 applied
1311 2513 1360 2542 as
1385 2514 1443 2542 an
1469 2500 1684 2554 adjective
1715 2504 1759 2542 to
1788 2502 1867 2544 the·

368 2556 518 2608 things
539 2555 816 2603 themselves,
842 2557 1055 2608 ἀδιάφορα,
1082 2555 1092 2572 ‘
1111 2554 1394 2598 indifferent?

370 2620 465 2668 636
