1919 3006
964 191 1215 239 CICERO

340 324 584 378 Cuman0‚
608 339 722 368 cum
747 328 882 368 esset
904 337 1003 367 una
1028 320 1332 383 Pomponius
1357 335 1369 375 ;
1409 321 1503 367 tibi
1525 321 1643 368 dedi
1665 328 1837 384 partes

340 414 689 469 Antiochinas,
715 429 838 476 quas
865 429 895 459 a
917 419 973 459 te
996 413 1197 474 probari
1221 411 1531 459 intellexisse
1555 411 1678 459 mihi
1701 412 1838 460 vide-

339 508 447 563 bar,
473 506 596 552 mihi
623 508 812 567 sumpsi
840 503 1075 550 Philonis.
1138 503 1269 550 Puto
1295 502 1404 550 fore
1431 510 1490 550 ut
1515 520 1631 550 cum
1655 503 1839 568 legeris

338 603 521 646 mirere
551 614 639 644 nos
669 597 721 643 id
748 596 942 643 locutos
975 611 1084 642 esse
1113 599 1247 642 inter
1275 611 1366 642 nos
1395 595 1532 658 quod
1560 612 1838 659 numquam

287 700 313 740 2
338 691 493 738 locuti
511 705 682 736 sumus
706 704 717 745 ;
754 688 844 735 sed
862 691 995 734 nosti
1011 703 1205 734 morem
1223 686 1552 751 dialogorum.
1621 685 1839 734 Posthac

339 790 530 838 autem,
571 785 640 827 mi
681 780 856 836 Varro,
897 796 1050 842 quam
1096 779 1312 842 plurima
1356 782 1397 826 si
1436 779 1637 826 videtur
1678 786 1732 826 et
1773 779 1838 827 de

339 875 480 922 nobis
512 878 645 920 inter
678 887 803 927 nos3
847 888 957 918 sero
991 870 1223 927 fortasse,
1248 870 1339 918 sed
1371 874 1684 934 superiorum
1708 878 1838 918 tem-

337 984 514 1030 porum
556 965 760 1012 fortuna
801 967 874 1010 rei
911 963 1144 1027 publicae
1177 979 1380 1009 causam
1412 966 1680 1019 sustineat,
1711 962 1838 1011 haec

337 1062 429 1122 ipsi
455 1064 716 1122 praestare
743 1057 1003 1103 debemus.
1073 1056 1247 1118 Atque
1274 1058 1471 1102 utinam
1497 1058 1681 1118 quietis
1706 1062 1837 1102 tem-

336 1151 538 1214 poribus
560 1156 716 1212 atque
738 1149 904 1211 aliquo
925 1151 965 1194 si
986 1164 1086 1194 non
1105 1148 1238 1193 bono
1261 1153 1314 1193 at
1334 1146 1516 1194 saltem
1536 1153 1675 1194 certo
1695 1153 1836 1194 statu

335 1246 551 1290 civit-atis
590 1240 716 1288 haec
754 1244 888 1287 inter
925 1256 1015 1287 nos
1054 1239 1223 1286 studia
1263 1254 1500 1286 exercere
1537 1238 1833 1302 possemus!

336 1351 643 1399 quamquam
672 1340 784 1379 tum
813 1332 1019 1395 quidem
1048 1330 1129 1378 vel
1157 1331 1285 1377 aliae
1314 1334 1585 1394 quaepiam
1611 1334 1834 1378 rationes

334 1427 571 1474 honestas
611 1426 753 1472 nobis
795 1431 848 1471 et
886 1440 1028 1470 curas
1070 1430 1124 1470 et
1163 1426 1387 1469 actiones
1426 1422 1643 1479 darent3
1700 1438 1834 1470 nunc

333 1526 507 1567 autem
543 1518 664 1582 quid
701 1524 778 1564 est
813 1520 920 1563 sine
955 1515 1031 1562 his
1066 1532 1153 1561 cur
1187 1518 1356 1562 vivere
1391 1514 1643 1562 velimus?
1709 1513 1832 1562 mihi

334 1628 450 1658 vero
489 1627 602 1657 cum
638 1608 714 1656 his
751 1612 869 1672 ipsis
908 1611 1007 1664 vix,
1043 1606 1119 1654 his
1158 1613 1333 1654 autem
1369 1606 1611 1654 detractis
1648 1622 1713 1654 ne
1748 1609 1831 1653 vix

332 1703 552 1767 quidem.
623 1701 723 1748 Sed
749 1700 876 1747 haec
903 1716 1070 1746 coram
1099 1705 1152 1746 et
1179 1702 1393 1762 saepius.
1465 1697 1830 1763 Migrationem

334 1803 386 1842 et
419 1798 730 1856 emptionem
763 1791 978 1838 feliciter
1012 1793 1213 1838 evenire
1246 1790 1374 1846 volo,
1405 1797 1655 1853 tuumque
1686 1793 1739 1837 in
1770 1805 1829 1837 ea

333 1904 385 1933 re
411 1886 671 1933 consilium
695 1885 867 1948 probO.
938 1883 1070 1930 Cura
1095 1890 1153 1929 ut
1177 1882 1358 1928 valeas.

588 2010 606 2029 ‘²
636 2004 770 2044 What
793 2003 945 2043 Cicero
967 2001 1101 2042 refers
1124 2005 1169 2041 to
1192 2003 1227 2041 is
1251 2004 1329 2041 not
1350 2000 1573 2041 recorded.

338 2631 435 2671 408
