1919 3006
916 168 1166 216 CICERO

297 305 509 362 possunt
529 315 539 346 :
580 299 825 362 quidquid
848 306 926 346 est
949 303 1081 346 enim
1105 300 1241 363 quod
1269 316 1472 347 sensum
1503 298 1709 356 habeat,
1733 299 1780 347 id

299 386 505 417 neeesse
523 377 600 417 est
616 374 803 417 sentiat
821 377 874 418 et
890 370 1205 434 voluptatem
1223 379 1275 419 et
1291 370 1532 428 dolorem,
1549 372 1614 419 ad
1629 387 1782 435 quem

299 450 473 489 autem
489 441 628 489 dolor
642 445 813 489 veniat
829 443 892 489 ad
909 444 1128 490 eundem
1145 447 1300 491 etiam
1314 447 1578 491 interitum
1586 446 1782 499 venire3

298 517 371 560 ita
393 514 450 561 fit
474 522 532 562 ut
556 530 620 561 ne
640 517 812 578 ignem
834 515 1040 578 quidem
1061 515 1256 562 efficere
1276 518 1476 579 possitis
1498 522 1778 562 aeternum.

219 593 273 634 37
299 586 434 645 Quid
460 589 593 632 enim
616 586 634 632 ?
679 603 780 633 non
807 587 997 634 eisdem
1023 588 1161 634 vobis
1187 586 1355 650 placet
1381 603 1583 634 omnem
1608 590 1780 651 ignem

297 665 472 722 pastus
512 659 758 723 indigere,
800 675 893 705 neo
939 676 1237 722 permanere
1285 659 1384 706 ullo
1431 657 1583 704 modo
1632 674 1779 720 posse

298 734 391 777 nisi
428 730 627 777 alatur?
671 731 735 777 ali
771 738 945 778 autem
981 731 1154 788 solem,
1190 731 1379 788 lunam,
1414 730 1608 795 reliqua
1644 737 1779 777 astra

299 806 458 866 aquis,
483 803 579 849 alia
604 802 849 860 dulcibus,
878 803 975 850 alia
1005 804 1245 850 marinis?
1313 803 1543 867 Eamque
1575 818 1778 849 causam

297 873 569 921 Cleanthes
596 873 762 922 adfert

439 975 516 1003 cur
534 975 580 1003 se
599 961 665 1003 sol
684 963 846 1003 referat
865 975 945 1004 nec
966 962 1142 1016 longius
1161 962 1472 1016 progrediatur

437 1019 654 1062 solstitiali
673 1020 784 1070 orbi,

301 1101 530 1161 itemque
559 1097 791 1153 brumali,
815 1114 879 1145 ne
916 1097 1112 1162 longius
1147 1099 1376 1146 discedat
1410 1114 1441 1145 a
1474 1099 1600 1145 cibo.
1669 1097 1780 1146 Hoc

295 1176 464 1218 totum
488 1169 636 1233 quale
655 1173 721 1216 sit
738 1186 856 1216 mox
870 1185 883 1227 3
922 1187 1054 1217 nuno
1080 1178 1253 1217 autem
1277 1170 1605 1218 concludatur
1627 1168 1775 1218 illud:

295 1244 432 1308 quod
464 1246 671 1291 interire
707 1246 865 1306 possit
901 1244 954 1291 id
993 1249 1258 1290 aeternum
1296 1261 1397 1291 non
1436 1260 1544 1292 esse
1569 1250 1775 1300 natura3

292 1320 465 1381 ignem
501 1323 675 1363 autem
709 1319 1034 1363 interiturum
1065 1332 1173 1362 esse
1198 1319 1292 1363 nisi
1317 1315 1506 1372 alatur;
1541 1333 1642 1363 non
1667 1332 1776 1364 esse

292 1392 447 1454 igitur
468 1395 651 1435 natura
671 1391 844 1452 ignem
867 1391 1247 1451 sempiternum.

213 1470 267 1513 38
354 1460 463 1508 XV.
501 1460 529 1477 “
553 1460 770 1519 Qualem
806 1468 979 1508 autem
1015 1462 1168 1509 deum
1202 1460 1501 1525 intellegere
1536 1477 1626 1508 nos
1664 1478 1777 1524 pos-

292 1550 463 1581 sumus
492 1532 630 1580 nulla
661 1537 849 1581 virtute
878 1534 1204 1597 praeditum?
1262 1533 1398 1592 Quid
1434 1534 1605 1580 enim?
1660 1550 1772 1596 pru·

292 1607 586 1654 dentiamne
619 1606 714 1654 deo
745 1606 1044 1662 tribuemus,
1077 1621 1207 1669 quae
1240 1612 1440 1653 constat
1471 1622 1534 1652 ex
1566 1609 1776 1653 scientia

289 1695 460 1725 rerum
498 1679 742 1725 bonarum
787 1684 841 1725 et
880 1677 1126 1725 malarum
1169 1685 1222 1725 et
1262 1693 1356 1724 nec
1395 1678 1641 1725 bonarum
1681 1694 1775 1725 nec

290 1751 577 1798 malarum?
628 1754 708 1799 cui
739 1750 859 1798 mali
890 1750 1013 1797 nihil
1049 1758 1127 1798 est
1161 1767 1255 1798 nec
1287 1766 1397 1798 esse
1431 1757 1620 1813 potest,
1653 1751 1774 1813 quid

288 1824 405 1872 huie
437 1841 561 1887 opus
598 1831 676 1871 est
712 1824 899 1872 dilectu
935 1825 1181 1871 bonorum
1211 1831 1264 1871 et
1297 1822 1584 1871 malorum?
1637 1822 1773 1882 Quid

290 1905 464 1945 autem
501 1900 715 1953 ratione,
755 1898 877 1961 quid
913 1897 1306 1961 intellegentia?
1364 1897 1545 1959 quibus
1583 1899 1772 1943 utimur

290 1973 355 2019 ad
398 1988 511 2018 eam
552 1987 660 2017 rem
703 1976 762 2017 ut
805 1973 992 2033 apertis
1034 1970 1245 2016 obseura
1287 1969 1656 2032 adsequamur3
1718 1977 1772 2017 at

287 2046 555 2093 obscurum
581 2044 677 2091 deo
705 2042 827 2089 nihil
852 2049 1024 2105 potest
1052 2058 1176 2089 esse.
1246 2041 1377 2087 Nam
1403 2045 1613 2098 iustitia,
1640 2058 1770 2105 quae

287 2135 433 2166 suum
484 2121 666 2181 cuique
718 2117 991 2172 distribuit,
1044 2115 1166 2178 quid
1215 2118 1440 2177 pertinet
1492 2114 1556 2162 ad
1607 2115 1769 2162 deos?

286 2191 547 2238 hominum
602 2193 734 2236 enim
790 2191 1003 2235 societas
1059 2194 1113 2234 et
1166 2191 1518 2243 communitas,
1572 2194 1631 2234 ut
1683 2204 1769 2234 vos

286 2265 467 2319 dicitis,
515 2265 761 2309 iustitiam
808 2262 1105 2323 procreavit.
1189 2258 1549 2322 Temperantia
1598 2266 1770 2306 autem

346 2433 365 2507 ζ
398 2427 785 2534 ξῗὲξοῗῼᾶεῒεοῒεᾶ
811 2478 898 2519 this
922 2490 1044 2518 verse
1069 2478 1301 2529 quotation
1324 2477 1441 2518 from
1461 2490 1519 2518 an
1543 2475 1771 2518 unknown

286 2549 454 2578 source.
510 2535 580 2587 Cs.
603 2536 646 2575 ii.
667 2536 737 2575 25.

291 2607 388 2648 320
