1919 3006
934 165 1186 214 CICERO

315 306 370 346 et
413 298 508 344 alia
550 296 840 360 permulta3
894 300 1128 358 propiora
1169 297 1444 343 videamus.
1514 295 1616 343 Cur
1657 313 1808 343 avun-

315 380 453 427 culus
490 396 651 434 meus,
688 382 760 424 vir
796 381 1251 424 innocentissumus
1287 379 1526 441 idemque
1568 377 1810 425 doctissu-

314 479 426 508 mus
470 460 524 507 P.
570 459 805 516 Rutilius,
847 463 899 506 in
943 459 1091 506 exilio
1135 459 1254 506 est?
1315 476 1402 506 cur
1443 458 1624 506 sodalis
1665 475 1808 506 meus

314 542 615 590 interfectus
661 541 797 588 domi
840 557 961 587 suae
1007 540 1243 587 Drusus?
1306 558 1393 587 cur
1435 544 1809 604 temperantiae

315 625 723 687 prudentiaeque
773 626 1031 685 specimen
1081 630 1201 670 ante
1251 622 1572 669 simulacrum
1619 622 1809 669 Vestae

316 704 549 768 pontifex
609 707 859 750 maximus
922 711 1001 750 est
1062 703 1122 762 Q.
1187 703 1427 750 Scaevola
1486 703 1810 751 trucidatus?

316 804 404 834 cur
436 793 556 833 ante
592 789 748 832 etiam
772 792 854 831 tot
886 788 1102 832 civitatis
1136 789 1385 847 principes
1412 801 1441 832 a
1466 785 1628 832 Cinna
1658 788 1814 832 inter-

319 868 519 930 empti?
560 884 646 913 cur
685 870 910 913 omnium
947 867 1383 929 perfidiosissimus
1423 865 1477 913 C.
1521 865 1715 914 Marius
1749 865 1811 926 Q.

318 949 556 996 Catulum
575 951 1029 1011 praestantissuma
1049 949 1301 1011 dignitate
1321 951 1482 994 virum
1500 951 1627 995 mori
1645 951 1814 1011 potuit

241 1039 290 1078 81
317 1031 535 1078 iubere?
605 1030 728 1077 Dies
768 1029 972 1077 deficiat
1004 1033 1043 1076 si
1084 1029 1234 1076 velim
1274 1035 1593 1076 enumerare¹
1631 1030 1812 1093 quibus

316 1114 459 1160 bonis
476 1111 608 1158 male
627 1114 872 1167 evenerit,
883 1127 976 1158 nec
991 1114 1156 1157 minus
1173 1114 1213 1158 si
1230 1127 1621 1158 commemorem
1633 1112 1813 1174 quibus

317 1194 556 1256 improbis
605 1196 812 1255 optime.
892 1192 993 1239 Cur
1035 1196 1170 1239 enim
1214 1192 1407 1239 Marius
1449 1199 1558 1239 tam
1599 1191 1814 1239 feliciter

317 1278 589 1338 septimum
613 1273 785 1321 consul
815 1274 949 1321 domi
979 1289 1101 1321 suae
1130 1290 1287 1321 senex
1319 1281 1397 1321 est
1417 1273 1688 1320 mortuus?
1728 1289 1815 1320 cur

321 1360 546 1404 omnium
571 1355 942 1403 crudelissimus
968 1362 1076 1402 tam
1101 1356 1187 1403 diu
1214 1355 1373 1402 Cinna
1398 1358 1632 1419 regnavit
1654 1355 1673 1401 ?
1741 1355 1814 1403 At

317 1439 461 1486 dedit
501 1454 706 1500 poenas.
784 1437 1031 1484 XXXIII.
1077 1436 1337 1484 Prohiberi
1372 1436 1552 1484 melius
1589 1435 1686 1483 fuit
1721 1439 1813 1483 im-

317 1521 581 1583 pedirique
598 1536 662 1565 ne
679 1526 760 1565 tot
776 1535 996 1565 summos
1009 1522 1136 1565 viros
1153 1518 1466 1565 interficeret
1482 1535 1633 1581 quam
1650 1521 1814 1580 ipsum

318 1601 587 1664 aliquando
621 1617 810 1663 poenas
845 1601 981 1647 dare.
1052 1599 1258 1647 Summo
1292 1603 1517 1646 cruciatu
1550 1599 1814 1662 supplicio-

320 1699 419 1746 que
462 1682 522 1741 Q.
566 1681 612 1727 V
614 1685 763 1738 arius,
804 1681 954 1728 homo
995 1684 1487 1744 importunissumus,
1528 1684 1714 1743 periit3
1773 1683 1813 1728 si

318 1768 436 1827 quia
488 1764 711 1810 Drusum
762 1762 895 1809 ferro
950 1762 1222 1810 Metellum
1274 1779 1469 1809 veneno
1520 1762 1814 1818 sustulerat,

318 1845 425 1892 illos
473 1848 755 1892 conservari
802 1844 982 1891 melius
1030 1843 1128 1891 fuit
1176 1861 1329 1908 quam
1376 1860 1566 1906 poenas
1613 1843 1813 1891 sceleris

318 1927 525 1974 Varium
576 1927 816 1988 pendere.
901 1926 1429 1989 Duodequadraginta
1485 1941 1640 1972 annos
1693 1925 1814 1972 Dio-

319 2012 490 2073 nysius
521 2015 766 2071 tyrannus
798 2006 896 2054 fuit
927 2007 1357 2070 opulentissumae
1390 2014 1442 2054 et
1472 2007 1814 2054 beatissumae

241 2097 294 2137 82
319 2093 534 2137 civitatis
560 2105 572 2145 ;
623 2106 776 2152 quam
807 2088 992 2136 multos
1027 2096 1148 2136 ante
1179 2088 1313 2135 hunc
1344 2092 1396 2135 in
1426 2091 1535 2151 ipso
1569 2088 1813 2135 Graeciae

318 2171 440 2218 flore
499 2170 821 2218 Pisistratus!
893 2169 904 2187 ‘
928 2171 1001 2218 At
1058 2170 1300 2226 Phalaris,
1361 2177 1414 2216 at
1477 2168 1810 2232 Apollodorus

319 2269 506 2316 poenas
547 2251 785 2299 sustulit.’
856 2251 1035 2299 Multis
1077 2253 1283 2315 quidem
1323 2258 1444 2298 ante
1484 2253 1715 2298 cruciatis
1757 2258 1810 2298 et

320 2337 527 2380 necatis.
597 2333 665 2380 Et
712 2334 992 2395 praedones
1040 2333 1186 2379 multi
1233 2348 1386 2395 saepe
1433 2348 1621 2394 poenas
1669 2333 1810 2388 dant,

319 2431 413 2462 nec
465 2422 640 2461 tamen
692 2431 955 2477 possumus
1009 2415 1176 2461 dicere
1229 2431 1329 2460 non
1381 2413 1535 2476 pluris
1588 2416 1811 2477 captivos

689 2521 708 2548 ²
737 2535 995 2564 enumerare
1014 2522 1222 2563 Ernesti:
1255 2533 1502 2565 numerare·

323 2594 420 2645 366
