1919 3006
946 184 1197 232 CICERO

321 319 444 368 mihi
491 333 694 382 quoque
735 316 941 362 licebatl
985 317 1070 377 qui
1118 330 1182 361 ex
1227 320 1282 360 te
1323 311 1408 359 illa
1448 309 1822 376 cognoveram),

323 405 534 469 negabis
557 418 666 449 esse
687 417 796 448 rem
817 398 971 446 ullam
993 415 1123 462 quae
1146 399 1378 462 cognosci
1399 396 1690 460 comprendi
1710 411 1822 458 per-

324 492 421 552 cipi
467 487 666 551 possit?
734 484 863 531 Vide
912 500 1099 547 quaeso
1148 487 1304 530 etiam
1351 489 1508 545 atque
1554 483 1711 528 etiam
1756 495 1821 526 ne

323 574 521 621 illarum
569 586 772 635 quoque
819 586 989 616 rerum
1036 567 1487 631 pulcherrimarum
1534 582 1565 613 a
1610 572 1666 613 te
1712 568 1821 628 ipso

324 664 583 707 minuatur
608 653 934 703 auctoritas.''
1003 653 1148 712 Quae
1173 671 1288 700 cum
1312 653 1523 700 dixisset
1545 651 1647 707 ille,
1671 650 1825 697 finem

324 744 462 792 fecit.

247 839 301 877 63
390 829 694 876 Hortensius
751 832 924 872 autem
979 823 1312 871 vehementer
1367 823 1637 879 admirans,
1692 821 1828 886 quod

326 914 534 979 quidem
560 919 811 974 perpetuo
841 909 1050 956 Lucullo
1077 909 1320 972 loquente
1347 906 1559 964 fecerat,
1586 915 1644 955 ut
1672 910 1829 954 etiam

326 1014 505 1047 manus
549 1013 702 1059 saepe
744 995 950 1042 tolleret
992 995 1106 1057 (nec
1147 996 1349 1050 mirum,
1390 1009 1510 1040 nam
1550 1009 1829 1056 numquam

328 1084 543 1131 arbitror
567 1088 742 1128 contra
762 1080 1094 1127 Academiam
1114 1079 1306 1125 dictum
1327 1093 1436 1125 esse
1462 1076 1731 1140 subtilius),
1746 1093 1829 1124 me

329 1183 532 1231 quoque
562 1169 799 1213 iocansne
832 1181 897 1211 an
926 1167 1001 1210 ita
1031 1167 1255 1210 sentiens
1287 1163 1408 1226 (non
1441 1166 1576 1210 enim
1606 1164 1728 1209 satis
1757 1164 1831 1208 in·

327 1250 659 1315 tellegebam)
693 1252 862 1311 coepit
901 1247 1093 1295 hortari
1124 1255 1183 1295 ut
1215 1250 1474 1295 sententia
1515 1247 1829 1294 desisterem.

332 1336 463 1383 Tum
498 1333 621 1381 mihi
658 1333 885 1389 Catulus,
911 1332 939 1349 “
964 1332 1015 1380 Si
1051 1331 1157 1389 te,''
1183 1336 1365 1397 inquit,
1391 1330 1635 1379 “Luculli
1671 1333 1833 1378 oratio

330 1419 492 1476 flexit,
527 1435 659 1483 quae
695 1425 775 1465 est
807 1416 985 1465 habita
1017 1421 1312 1464 memoriter
1347 1423 1581 1465 accurate
1615 1417 1831 1479 copiose,

332 1510 497 1559 taceo,
530 1518 698 1566 neque
731 1509 786 1549 te
820 1518 919 1564 quo
952 1504 1119 1549 minus
1152 1504 1193 1549 si
1225 1502 1319 1549 tibi
1350 1504 1426 1549 ita
1456 1501 1690 1548 videatur
1722 1516 1832 1548 sen-

335 1591 554 1634 tentiam
590 1594 759 1634 mutes
798 1586 1161 1633 deterrendum
1198 1593 1339 1649 puto.
1410 1585 1542 1633 Illud
1578 1601 1697 1633 vero
1733 1600 1834 1632 non

335 1675 618 1719 censuerim
642 1678 702 1717 ut
728 1674 834 1718 eius
861 1674 1166 1718 auctoritate
1191 1686 1445 1726 moveare,
1471 1677 1674 1717 tantum
1700 1672 1835 1716 enim

331 1764 386 1803 te
417 1773 518 1803 non
546 1756 697 1803 modo
726 1753 976 1811 monuit,”
1007 1758 1175 1818 inquit
1206 1755 1458 1812 adridens,
1488 1753 1516 1771 “
1541 1760 1601 1801 ut
1630 1769 1834 1801 caveres

333 1855 398 1886 ne
449 1842 559 1903 quis
609 1840 867 1903 improbus
918 1840 1151 1887 tribunus
1201 1839 1381 1903 plebis,
1432 1856 1646 1904 quorum
1695 1838 1834 1886 vides

334 1931 528 1987 quanta
564 1927 708 1987 copia
747 1940 947 1987 semper
985 1922 1158 1971 futura
1195 1927 1277 1981 sit,
1317 1927 1564 1987 arriperet
1599 1930 1654 1971 te
1692 1930 1747 1971 et
1782 1926 1834 1970 in

335 2011 570 2056 contione
618 2016 890 2071 quaereret
937 2013 1021 2072 qui
1070 2010 1163 2056 tibi
1210 2016 1467 2056 constares
1526 2025 1641 2056 cum
1697 2008 1831 2056 idem

333 2109 547 2156 negares
576 2096 846 2156 quicquam
875 2096 1001 2140 certi
1028 2110 1174 2156 posse
1201 2095 1428 2156 reperiri,
1454 2093 1592 2140 idem
1618 2100 1673 2141 te
1701 2110 1833 2141 com·

334 2180 523 2240 perisse
565 2177 790 2224 dixisses.
860 2177 971 2224 Hoc
1013 2194 1200 2240 quaeso
1241 2194 1363 2224 cave
1403 2194 1468 2224 ne
1507 2184 1563 2225 te
1602 2185 1831 2235 terreat3

336 2262 399 2308 de
425 2277 576 2307 causa
600 2268 774 2308 autem
797 2264 908 2324 ipsa
930 2261 1101 2308 malim
1127 2262 1332 2324 quidem
1356 2268 1410 2308 te
1436 2262 1500 2308 ab
1523 2261 1618 2309 hoc
1641 2263 1822 2310 dissen-

336 2348 449 2399 tire,
491 2347 568 2391 sin
609 2348 816 2392 cesseris
858 2362 959 2392 non
1000 2361 1310 2409 magnopere
1351 2347 1587 2402 mirabor,
1624 2349 1831 2393 memini

337 2430 471 2474 enirn
501 2427 811 2475 Antiochum
841 2431 1023 2492 ipsum,
1053 2445 1166 2475 cum
1197 2445 1353 2476 annos
1381 2428 1568 2476 multos
1597 2428 1695 2476 alia
1721 2446 1830 2477 sen-

882 2527 898 2552 1
926 2525 1126 2577 liquebat
1144 2526 1290 2568 Klotz.

342 2587 436 2636 546
