1919 3006
243 425 292 466 11

936 196 1186 244 CICERO

375 326 523 375 aspice
543 324 625 365 hoc
641 323 828 365 sublime
843 325 1051 372 candens,
1073 339 1206 378 quem
1228 328 1435 367 invocant
1455 340 1607 368 omnes
1630 327 1806 373 Iovemz

319 424 460 482 quasi
504 437 619 467 vero
662 424 926 484 quisquam
975 429 1200 468 nostrum
1249 425 1402 468 istum
1443 426 1611 485 potius
1652 440 1805 487 quam

318 510 659 574 Capitolinum
687 512 859 559 Iovem
888 513 1128 575 appellet,
1157 521 1245 560 aut
1272 513 1365 560 hoc
1392 518 1712 577 perspicuum
1739 517 1805 561 sit

319 611 619 667 constetque
647 607 780 650 inter
808 607 985 660 omnis,
1015 621 1098 651 eos
1129 621 1237 651 esse
1267 606 1386 652 deos
1416 623 1539 668 quos
1568 607 1661 653 tibi
1689 605 1806 653 Vel-

319 693 443 741 leius
476 695 724 758 multique
757 703 1025 758 praeterea
1057 712 1121 742 ne
1156 700 1424 743 animantis
1458 697 1663 760 quidem
1697 712 1807 744 esse

319 787 613 833 concedant.
673 787 838 833 Grave
863 792 1019 833 etiam
1043 795 1400 851 argumentum
1423 789 1516 834 tibi
1541 789 1808 835 videbatur

319 879 456 942 quod
484 881 650 941 opinio
680 879 743 925 de
773 879 847 925 dis
876 878 1224 926 inmortalibus
1255 886 1308 925 et
1336 882 1560 926 omnium
1590 886 1725 926 esset
1754 885 1808 926 et

319 969 503 1016 cotidie
537 976 816 1017 cresceret:
862 970 1031 1033 placet
1066 974 1220 1034 igitur
1252 977 1422 1017 tantas
1457 987 1536 1018 res
1573 959 1807 1034 opinione

319 1061 589 1108 stultorum
616 1062 841 1118 iudicari,
869 1063 1006 1108 vobis
1034 1066 1333 1124 praesertim
1361 1065 1447 1125 qui
1473 1061 1581 1109 illos
1607 1065 1807 1109 insanos

320 1169 429 1200 esse
452 1154 629 1201 dicatis
653 1154 671 1200 ?
739 1153 798 1200 V.
832 1153 841 1170 ‘
866 1154 938 1200 At
962 1157 1096 1199 0111111
1118 1157 1398 1216 praesentis
1419 1154 1644 1201 videmus
1668 1153 1806 1211 deos,

319 1251 378 1292 ut
417 1245 551 1308 apud
590 1245 841 1309 Regillum
881 1244 1184 1301 Postumius,
1209 1249 1260 1291 in
1293 1245 1482 1291 Salaria
1510 1245 1740 1292 Vatinius
1763 1243 1809 1303 ’ς

319 1340 486 1383 1103010
509 1338 630 1400 quid
653 1341 809 1383 etiam
831 1337 894 1384 de
919 1336 1190 1383 Locrorum
1214 1337 1349 1399 apud
1370 1336 1579 1401 Sagram
1601 1336 1805 1399 proelio.

321 1427 458 1486 Quos
481 1432 636 1492 igitur
658 1436 716 1475 tu
738 1428 1051 1492 Tyndaridas
1076 1428 1383 1491 appellabas,
1405 1429 1457 1476 id
1480 1435 1558 1475 est
1580 1427 1807 1475 homines

319 1518 521 1566 homine
541 1527 705 1576 natos,
725 1527 778 1566 et
798 1537 921 1583 quos
942 1520 1211 1576 Homerus,
1231 1523 1316 1583 qui
1334 1536 1508 1567 recens
1529 1521 1592 1566 ab
1612 1519 1807 1566 illorum

321 1619 495 1659 aetate
523 1611 637 1668 fuit,
665 1612 889 1674 sepultos
920 1628 1028 1658 esse
1057 1612 1179 1658 dicit
1209 1611 1610 1667 Lacedaemone,
1637 1627 1721 1657 eos
1749 1618 1807 1658 tu

319 1702 591 1750 cantheriis
623 1703 745 1750 albis
776 1703 922 1749 nullis
953 1702 1207 1750 calonibus
1238 1704 1302 1750 ob
1332 1706 1464 1750 viam
1493 1702 1696 1749 Vatinio
1726 1718 1808 1749 ve-

320 1798 451 1842 nisse
486 1799 743 1842 existimas
778 1802 831 1842 et
864 1798 1122 1841 victoriam
1155 1794 1327 1857 populi
1360 1794 1573 1841 Romani
1605 1793 1807 1841 Vatinio

319 1890 487 1950 potius
515 1886 704 1934 homini
733 1890 918 1933 rustico
948 1903 1100 1950 quam
1131 1886 1204 1933 M.
1237 1886 1416 1933 Catoni
1445 1888 1531 1949 qui
1558 1892 1668 1932 tum
1698 1892 1808 1933 erat

319 1982 550 2041 princeps
586 1979 935 2025 nuntiavisse?
1003 1978 1138 2042 Ergo
1174 1985 1228 2025 et
1261 1977 1383 2025 illud
1416 1980 1468 2024 in
1501 1976 1636 2024 silice
1672 1977 1808 2040 quod

318 2068 469 2117 hodie
489 2077 701 2132 apparet
721 2071 855 2132 apud
877 2070 1126 2133 Regillum
1146 2077 1409 2132 tamquam
1428 2071 1696 2132 vestigium
1720 2085 1807 2115 un-

319 2161 486 2225 gulae,
514 2162 732 2208 Castoris
759 2165 876 2225 equi
901 2162 1060 2208 credis
1088 2177 1196 2208 esse
1220 2162 1237 2207 ?
1297 2160 1476 2207 Nonne
1501 2162 1657 2206 mavis
1682 2159 1804 2206 illud

318 2253 523 2300 credere
565 2254 699 2316 quod
738 2254 938 2315 probari
976 2259 1165 2315 potest,
1205 2255 1396 2298 animos
1434 2251 1801 2314 praeclarorum

319 2343 595 2400 hominum,
639 2344 812 2408 quales
856 2348 938 2391 isti
981 2344 1300 2407 Tyndaridae
1344 2342 1568 2399 fuerunt,
1610 2343 1802 2390 divinos

319 2452 428 2482 esse
456 2443 509 2483 et
536 2444 785 2491 aeternos,
813 2453 963 2498 quam
993 2452 1076 2482 eos
1104 2438 1188 2498 qui
1215 2434 1371 2481 semel
1397 2437 1605 2481 cremati
1633 2441 1801 2482 essent

437 2549 456 2567 ‘¹
485 2544 571 2591 i.e.‚
593 2543 666 2583 the
689 2543 902 2596 heavenly
925 2543 1089 2583 bodies.
1361 2541 1377 2566 ¹³
1410 2540 1535 2581 Book
1563 2541 1618 2582 11.
1642 2543 1682 2582 6.

323 2606 417 2662 296
