1919 3006
258 1110 307 1149 15

257 1811 308 1851 16

959 185 1211 235 CICERO

335 313 684 371 Academiam,
709 331 738 361 a
761 332 861 378 qua
887 316 1064 362 absum
1087 319 1188 363 iam
1212 317 1316 373 diu,
1339 321 1567 365 renovari
1594 335 1623 365 a
1647 325 1718 376 te,
1740 321 1832 367 nisi

334 401 607 449 molestum
638 409 732 458 est,
763 402 944 459 velim3
980 410 1034 450 et
1062 404 1207 450 simul
1239 404 1579 461 adsidamuS‚”
1609 409 1834 470 inquam,

335 491 423 535 “si
461 488 713 536 videtur.’'
788 489 816 506 “
837 489 970 537 Sane
1006 491 1144 538 istud
1181 491 1439 554 quidem,”
1465 496 1648 556 inquit,
1673 492 1702 510 “
1723 510 1833 540 sum

335 579 470 623 enim
522 577 797 625 admodum
846 578 1072 625 infirmus
1097 594 1108 634 3
1178 579 1269 626 sed
1319 580 1579 627 videamus
1629 581 1834 628 idemne

333 664 507 711 Attico
526 664 727 727 placeat
746 665 854 712 fieri
873 683 901 712 a
920 682 1002 712 me
1023 667 1158 729 quod
1177 674 1230 713 ’ce
1250 666 1378 713 velle
1398 666 1596 714 video.''
1649 665 1677 684 ‘⁶
1705 667 1835 715 Mihi

334 750 504 807 vero,’'
545 753 645 809 ille,
685 752 713 769 “
739 754 861 816 quid
901 761 979 800 est
1019 758 1154 800 enim
1193 755 1329 817 quod
1366 755 1539 802 malim
1578 772 1732 819 quam
1772 772 1835 802 ex

333 839 586 886 Antiocho
605 843 706 886 iam
725 842 922 903 pridem
943 842 1117 889 audita
1137 842 1404 898 recordari,
1425 849 1479 890 et
1497 843 1646 889 simul
1663 843 1836 890 videre

334 930 523 974 satisne
563 943 625 974 ea
663 929 927 976 commode
967 929 1063 976 dici
1102 933 1297 991 possint
1336 929 1562 977 Latine?
1587 928 1616 946 ’⁹
1689 929 1835 989 Quae

335 1030 449 1061 cum
475 1022 664 1062 essent1
690 1016 843 1072 dicta,
866 1020 919 1063 in
943 1024 1219 1080 conspectu
1243 1017 1561 1064 consedimus
1586 1023 1799 1064 omnes.²

395 1102 526 1149 Tum
552 1102 711 1150 Varro
738 1107 812 1151 ita
841 1121 1045 1151 exorsus
1076 1112 1155 1152 est
1178 1121 1189 1151 ι
1236 1103 1263 1120 “
1290 1104 1522 1152 Socrates
1549 1104 1672 1152 mihi
1699 1105 1835 1153 vide-

335 1196 434 1246 tur,
473 1191 526 1238 id
565 1192 701 1254 quod
741 1199 942 1239 constat
980 1196 1115 1239 inter
1154 1209 1347 1249 omnes,
1386 1196 1576 1256 primus
1617 1209 1646 1239 a
1683 1193 1835 1240 rebus

333 1278 539 1325 occultis
569 1285 623 1326 et
651 1280 714 1326 ab
743 1283 850 1342 ipsa
878 1287 1061 1327 natura
1088 1280 1342 1336 involutis,
1370 1283 1421 1326 in
1450 1281 1631 1343 quibus
1660 1295 1835 1326 omnes

336 1372 455 1412 ante
474 1382 590 1413 eum
607 1366 889 1430 philosophi
901 1371 1134 1430 occupati
1144 1366 1370 1424 fuerunt,
1383 1370 1666 1414 avocavisse
1676 1366 1835 1430 philo-

333 1453 561 1515 sophiam
599 1462 652 1502 et
689 1455 754 1502 ad
789 1459 947 1502 vitam
989 1471 1311 1502 communem
1350 1455 1637 1511 adduxisse,
1674 1462 1733 1502 ut
1770 1454 1835 1502 de

334 1542 603 1588 virtutibus
628 1549 682 1589 et
703 1546 835 1589 vitiis
859 1546 1166 1606 omninoque
1189 1543 1253 1590 de
1275 1543 1419 1589 bonis
1440 1543 1592 1589 rebus
1616 1548 1670 1589 et
1691 1542 1834 1588 malis

335 1637 623 1691 quaereret,
657 1630 898 1677 caelestia
931 1638 1106 1678 autern
1139 1630 1218 1677 vel
1250 1629 1423 1693 procul
1457 1645 1568 1677 esse
1602 1645 1631 1676 a
1663 1635 1835 1676 nostra

334 1720 623 1779 cognitione
661 1726 895 1766 censeret
932 1718 1029 1774 vel,
1067 1722 1107 1765 si
1143 1721 1366 1765 maxime
1403 1721 1609 1781 cognita
1646 1723 1834 1772 essent,

332 1803 453 1849 nihil
478 1811 655 1851 tamen
679 1806 744 1853 ad
767 1806 901 1852 bene
926 1806 1211 1852 vivendum.
1273 1805 1369 1852 Hic
1392 1808 1446 1851 in
1469 1805 1701 1851 omnibus
1725 1802 1834 1850 fere

332 1894 646 1941 sermonibus
678 1897 764 1957 qui
796 1895 859 1941 ab
890 1897 947 1941 iis
980 1898 1065 1958 qui
1096 1894 1235 1940 illum
1268 1893 1539 1940 audierunt
1567 1894 1832 1956 perscripti

333 1983 468 2027 varie
501 1985 804 2045 copioseque
837 1989 956 2029 sunt
987 1985 1061 2029 ita
1092 1982 1322 2044 disputat
1353 1987 1412 2027 ut
1442 1979 1566 2027 nihil
1598 1979 1834 2027 adfirmet

331 2069 456 2130 ipse,
485 2067 689 2116 refellat
719 2069 857 2126 alios,
888 2069 1010 2116 nihil
1040 2086 1094 2116 se
1124 2072 1249 2116 scire
1280 2069 1417 2116 dicat
1445 2070 1540 2115 nisi
1568 2067 1622 2115 id
1649 2070 1832 2130 ipsum,

333 2171 496 2219 eoque
524 2164 785 2220 praestare
815 2161 997 2205 ceteris
1027 2158 1163 2221 quod
1191 2157 1261 2203 illi
1289 2171 1421 2219 quae
1449 2158 1679 2203 nesciant
1706 2157 1832 2201 scire

331 2259 385 2290 se
402 2251 607 2306 putent,
625 2249 733 2308 ipse
751 2262 806 2293 se
824 2246 946 2292 nihil
964 2249 1107 2301 scire,
1125 2245 1176 2292 id
1195 2261 1351 2291 unum
1370 2247 1513 2299 sciat,
1531 2243 1595 2290 ob
1615 2257 1831 2306 eamque

331 2346 438 2377 rem
464 2348 518 2379 se
544 2334 775 2380 arbitrari
803 2335 866 2380 ab
893 2333 1127 2396 Apolline
1153 2335 1377 2379 omnium
1403 2332 1829 2394 sapientissimum

551 2502 566 2527 ¹
597 2505 684 2543 sint
703 2503 827 2544 codd.
847 2503 1049 2555 plerique
1068 2520 1078 2543 z
1112 2501 1254 2542 delent
1277 2501 1374 2541 edd.
1393 2500 1611 2552 plerique.

569 2557 586 2581 ¹
615 2570 768 2598 omnes
790 2557 900 2598 delet
921 2557 1038 2598 Reid
1058 2556 1207 2607 (metri
1229 2555 1415 2596 tollendi
1435 2553 1600 2604 causa).

332 2625 427 2666 424
