1919 3006
927 181 1179 231 CICERO

307 314 416 360 sine
445 313 597 360 dubio
626 321 857 360 versutus
888 320 941 361 et
970 313 1176 360 callidus
1206 312 1454 377 (versutos
1485 328 1570 359 eos
1599 310 1799 375 appello

310 403 523 450 quorum
549 385 781 434 celeriter
805 402 948 434 mens
974 393 1221 442 versatur,
1246 384 1449 432 callidos
1476 391 1651 432 autem
1675 400 1799 448 quo-

308 478 421 508 rum
466 468 731 524 tamquam
771 477 950 507 manus
992 476 1146 523 opere
1187 462 1257 506 sic
1304 462 1500 506 animus
1546 475 1641 506 usu
1681 474 1797 505 con-

308 533 500 597 calluit)
521 549 532 590 3
575 537 614 581 is
635 537 790 598 igitur
815 532 825 550 ‘
845 532 896 580 Si
922 533 1111 596 aliquid
1137 540 1215 580 est
1234 532 1245 548 ’
1271 536 1436 595 inquit
1461 531 1472 548 ‘
1492 532 1628 596 quod
1645 531 1797 580 homo

307 607 503 654 efficere
532 623 634 653 non
663 609 838 669 possit,
869 609 954 669 qui
983 606 1036 653 id
1065 606 1216 652 efficit
1244 605 1421 652 melior
1451 611 1529 652 est
1558 603 1798 661 homine3

308 680 457 728 homo
491 688 664 728 autem
694 680 821 727 haec
853 698 983 744 quae
1015 684 1067 726 in
1098 681 1287 727 mundo
1319 687 1437 727 sunt
1469 679 1665 726 efficere
1696 695 1798 726 non

307 763 479 819 potest
503 771 514 811 3
556 758 638 818 qui
663 758 832 817 potuit
854 758 1008 818 igitur
1030 758 1069 801 is
1093 761 1322 817 praestat
1343 753 1534 800 homini
1557 768 1569 810 3
1608 752 1799 800 homini

309 836 483 875 autem
521 836 780 890 praestare
822 831 930 891 quis
970 831 1128 890 possit
1167 830 1261 874 nisi
1300 827 1467 874 deus?
1526 833 1606 874 est
1642 829 1800 890 igitur

309 900 468 949 deus.'
537 901 678 948 Haec
704 904 871 947 omnia
895 904 947 947 in
973 901 1151 948 eodem
1174 917 1273 963 quo
1293 899 1375 946 illa
1396 899 1610 946 Zenonis
1631 915 1800 946 errore

230 980 286 1021 26
310 981 572 1021 versantur
595 990 607 1030 3
651 974 772 1038 quid
807 977 941 1020 enim
970 977 1035 1021 sit
1060 972 1257 1029 melius,
1283 973 1405 1036 quid
1427 971 1800 1036 praestabilius,

309 1049 430 1112 quid
458 1052 592 1095 inter
619 1055 855 1094 naturam
885 1055 938 1094 et
965 1050 1217 1094 rationem
1244 1049 1463 1103 intersit,
1491 1063 1593 1093 non
1622 1047 1799 1094 distin-

307 1125 493 1186 guitur.
564 1121 828 1184 Idemque,
850 1124 891 1167 si
913 1121 995 1168 dei
1017 1138 1118 1168 non
1138 1124 1257 1178 sint,
1279 1128 1437 1185 negat
1459 1136 1569 1168 esse
1588 1123 1642 1167 in
1663 1122 1798 1168 omni

307 1201 491 1240 natura
522 1197 792 1257 quicquam
823 1192 1028 1240 homine
1059 1193 1274 1249 melius3
1323 1193 1377 1241 id
1409 1199 1584 1240 autem
1615 1199 1799 1256 putare

307 1284 616 1332 quemquam
640 1266 913 1323 hominem,
936 1265 1055 1312 nihil
1082 1265 1286 1313 homine
1311 1282 1421 1313 esse
1443 1265 1641 1321 melius,
1665 1281 1799 1312 sum-

306 1359 423 1389 mae
460 1343 789 1406 adrogantiae
827 1348 1002 1388 censet
1040 1357 1164 1388 esse.
1234 1340 1310 1388 Sit
1346 1357 1468 1388 sane
1506 1341 1798 1405 adrogantis

307 1415 461 1479 pluris
488 1432 541 1462 se
567 1422 749 1477 putare
776 1431 930 1478 quam
954 1414 1201 1462 mundum
1224 1430 1236 1470 3
1281 1421 1335 1461 at
1366 1413 1490 1461 illud
1520 1430 1623 1460 non
1647 1413 1798 1461 modo

308 1505 408 1535 non
443 1488 733 1551 adrogantis
769 1487 858 1534 sed
891 1490 1059 1549 potius
1093 1487 1375 1550 prudentis,
1408 1485 1708 1550 intellegere
1742 1502 1798 1533 se

307 1561 496 1609 habere
522 1578 724 1608 sensum
751 1569 804 1608 et
827 1564 1095 1617 rationem,
1119 1560 1246 1608 haec
1272 1561 1452 1609 eadem
1478 1560 1719 1608 Orionem
1744 1566 1798 1607 et

308 1635 599 1683 Caniculam
630 1653 731 1682 non
761 1634 965 1681 habere.
1051 1635 1120 1682 Et
1152 1634 1161 1650 ‘
1187 1634 1237 1681 Si
1269 1635 1445 1682 domus
1476 1633 1685 1697 pulchra
1714 1636 1798 1690 sit,

307 1709 663 1773 intellegamus
691 1726 802 1755 earn
829 1710 1041 1756 dominis
1062 1707 1072 1724 ’
1098 1712 1263 1772 inquit
1288 1708 1298 1725 ‘
1319 1708 1638 1756 aedificatam
1670 1723 1797 1764 esse,

307 1800 407 1830 non
427 1784 650 1829 muribus
675 1797 686 1838 3
725 1786 793 1828 sic
814 1785 968 1846 igitur
987 1776 1234 1829 mundum
1254 1782 1464 1830 deorum
1485 1782 1691 1829 domum
1712 1797 1798 1828 ex-

306 1859 530 1903 istimare
552 1854 830 1903 debemus.’
892 1855 974 1902 Ita
993 1872 1193 1918 prorsus
1216 1858 1577 1911 existimarem,
1596 1857 1634 1902 si
1657 1853 1795 1901 illum

307 1929 629 1977 aedificatum
672 1946 797 1985 esse.
840 1946 940 1976 non
982 1946 1135 1993 quem
1177 1930 1240 1977 ad
1286 1930 1494 1977 modum
1534 1929 1727 1977 docebo
1766 1944 1797 1975 a

307 2010 488 2049 natura
511 2001 880 2048 conformatum
903 2009 1154 2064 putarem.

228 2085 281 2125 27
364 2075 454 2122 ΧΙ.
493 2074 520 2090 “
540 2076 612 2121 At
634 2079 767 2121 enim
785 2078 984 2138 quaerit
1001 2076 1136 2137 apud
1155 2074 1549 2138 Xenophontem
1564 2073 1795 2122 Socrates

307 2148 440 2194 unde
461 2151 683 2194 animum
705 2152 1058 2210 arripuerimus
1078 2151 1117 2194 si
1145 2148 1307 2194 nullus
1333 2147 1488 2195 fuerit
1511 2151 1564 2194 in
1587 2148 1792 2195 mundo.

306 2222 374 2268 Et
406 2238 500 2285 ego
532 2238 719 2285 quaero
750 2222 885 2269 unde
916 2225 1198 2268 orationem
1228 2222 1363 2269 unde
1393 2237 1628 2269 numeros
1659 2222 1794 2270 unde

366 2385 385 2404 ⁰
421 2379 640 2427 Callidus,
690 2379 701 2396 ‘
721 2379 893 2428 clever‚’
937 2381 973 2421 is
1010 2379 1205 2432 actually
1240 2379 1418 2421 derived
1464 2380 1581 2421 from
1617 2380 1795 2429 callum,

309 2432 560 2528 :bardaned
576 2433 709 2482 skin,'
725 2447 773 2474 as
787 2433 939 2475 Cicero
955 2439 1172 2486 suggests,
1187 2433 1276 2474 and
1290 2447 1338 2475 so
1351 2447 1504 2475 means
1519 2434 1529 2451 ‘
1544 2433 1795 2488 practised‚’

335 2501 508 2582 ejgp'l'he
530 2555 717 2594 passage
737 2541 840 2583 here
860 2540 1127 2594 anticipated
1151 2543 1186 2582 is
1207 2540 1306 2582 lost.
1509 2545 1526 2568 ⁰
1556 2540 1641 2583 See
1659 2542 1704 2583 ii.
1729 2543 1793 2584 18.

313 2610 411 2652 310
