1853 3001
812 179 1065 228 CICERO

186 315 350 372 tuque
376 312 646 365 venissem,
674 308 861 357 offendi
891 326 1008 356 eum
1036 309 1306 357 sedentem
1332 312 1386 356 in
1414 308 1604 356 exedra
1632 313 1686 355 et

188 402 304 432 cum
332 385 387 433 C.
417 385 611 433 Velleio
639 393 875 433 senatore
903 386 1272 449 disputantem,
1300 386 1366 434 ad
1393 401 1547 449 quem
1573 391 1686 431 tum

187 463 424 526 Epicurei
465 466 653 526 primas
698 480 762 510 ex
805 466 988 511 nostris
1036 462 1322 511 hominibus
1366 462 1684 511 deferebant.

188 540 385 587 Aderat
426 543 582 587 etiam
623 539 685 599 Q.
729 539 949 587 Lucilius
989 540 1194 598 Balbus,
1234 544 1321 604 qui
1359 547 1531 587 tantos
1571 555 1685 602 pro·

187 633 388 681 gressus
425 616 652 664 habebat
683 620 737 664 in
771 617 950 665 Stoicis
986 625 1045 665 ut
1079 635 1195 665 cum
1231 617 1597 665 excellentibus
1631 618 1683 662 in

189 711 250 742 eo
271 710 460 758 genere
485 694 691 741 Graecis
713 703 1107 758 compararetur.

250 771 380 818 Tum
416 779 475 819 ut
509 788 591 818 me
629 772 784 819 Cotta
818 774 961 829 vidit,
991 772 1428 836 “Peropportune
1452 771 1481 787 '’
1515 773 1683 834 inquit

185 846 217 866 ‘⁴
240 852 414 904 venis3
470 852 629 895 oritur
667 853 802 896 enim
839 850 962 896 mihi
998 867 1186 914 magna
1223 851 1288 898 de
1324 867 1380 897 re
1418 848 1682 896 altercatio

186 942 302 972 cum
333 925 544 982 Velleio,
575 929 655 972 cui
685 943 777 989 pro
808 934 899 974 tuo
930 928 1099 975 studio
1131 945 1232 975 non
1265 935 1343 975 est
1374 927 1595 974 alienum
1626 932 1681 973 te

185 1001 486 1050 interesse.”

113 1086 164 1126 16
251 1079 367 1127 VII.
404 1079 619 1143 “Atqui
653 1080 776 1127 mihi
810 1098 1013 1145 quoque
1046 1083 1219 1130 videor
1241 1081 1270 1098 ''
1302 1085 1510 1146 inquam
1543 1081 1572 1098 “
1599 1097 1683 1128 ve-

187 1160 319 1205 nisse
337 1164 396 1204 ut
421 1158 542 1205 dicis
562 1166 862 1221 opportune.
931 1160 1053 1206 Tres
1073 1163 1208 1207 enim
1226 1164 1381 1207 trium
1399 1159 1683 1222 disciplina·

185 1251 296 1281 rum
321 1237 571 1297 principes
595 1239 914 1283 convenistis.
986 1237 1059 1284 M.
1082 1241 1236 1284 enim1
1263 1237 1377 1285 Piso
1401 1241 1441 1285 si
1461 1238 1682 1293 adesset,

186 1311 368 1358 nullius
398 1311 763 1375 philosophiae,
794 1330 968 1360 earum
1002 1315 1209 1378 quidem
1241 1331 1373 1378 quae
1404 1318 1458 1362 in
1491 1313 1681 1362 honore

185 1396 322 1445 sunt,
344 1397 549 1436 vacaret
570 1389 760 1437 locus.''

248 1466 378 1513 Tum
414 1466 569 1514 Cotta
605 1467 633 1483 ‘⁴
657 1467 761 1524 Si,''
796 1471 981 1532 inquit,
1017 1468 1196 1517 “liber
1231 1469 1471 1518 Antiochi
1505 1473 1682 1527 nostri,

185 1547 272 1607 qui
307 1544 371 1590 ab
407 1560 468 1591 eo
503 1560 665 1606 nuper
700 1545 766 1592 ad
799 1544 932 1592 hunc
967 1545 1182 1593 Balbum
1215 1551 1395 1595 missus
1431 1554 1528 1604 est,
1562 1564 1682 1594 vera

183 1620 424 1684 loquitur,
459 1620 582 1667 nihil
619 1629 698 1669 est
739 1623 876 1686 quod
917 1623 1152 1671 Pisonem
1192 1623 1492 1672 familiarem
1533 1633 1680 1672 tuum

184 1697 476 1754 desideres3
529 1698 783 1746 Antiocho
819 1704 954 1746 enim
989 1700 1143 1748 Stoici
1177 1719 1292 1748 cum
1328 1701 1680 1766 Peripateticis

183 1791 238 1822 re
280 1778 545 1822 concinere
587 1777 841 1833 videntur,
884 1779 1048 1825 verbis
1091 1779 1376 1842 discrepare
1399 1795 1412 1836 ;
1471 1797 1572 1844 quo
1615 1782 1680 1829 de

183 1851 328 1908 libro,
349 1851 526 1909 Balbe,
549 1852 698 1899 velim
721 1857 846 1901 scire
871 1855 993 1918 quid
1015 1855 1258 1903 sentias.''

249 1929 278 1945 “
302 1930 480 1993 Egone
504 1930 522 1976 ?
547 1929 576 1945 ’'
623 1934 790 1994 inquit
818 1931 919 1988 ille,
951 1931 978 1948 ‘⁴
1002 1936 1154 1980 miror
1182 1933 1493 1982 Antiochum
1521 1934 1680 1983 homi-

184 2023 303 2054 nem
323 2010 376 2053 in
395 2010 567 2069 primis
589 2015 796 2055 acutum
818 2026 918 2055 non
940 2010 1120 2057 vidisse
1141 2014 1388 2059 interesse
1407 2011 1679 2075 plurimum

184 2087 319 2131 inter
337 2083 546 2141 Stoicos,
568 2089 654 2148 qui
672 2085 888 2133 honesta
907 2104 936 2133 a
954 2089 1229 2135 commodis
1254 2106 1355 2136 non
1370 2093 1573 2138 nomine
1589 2093 1680 2140 sed

183 2177 374 2225 genere
393 2169 503 2208 toto
522 2162 866 2226 diiungerent,
885 2171 938 2211 et
958 2163 1343 2228 Peripateticos,
1361 2171 1447 2230 qui
1465 2167 1681 2216 honesta

184 2242 571 2286 commiscerent
599 2256 713 2286 cum
742 2242 1036 2298 commodis,
1065 2250 1123 2290 ut
1152 2259 1214 2289 ea
1240 2247 1376 2291 inter
1402 2261 1456 2292 se
1485 2250 1681 2310 magni-

184 2316 364 2362 tudine
411 2323 465 2363 et
511 2320 654 2380 quasi
700 2318 960 2381 gradibus,
1006 2336 1107 2366 non
1152 2337 1344 2384 genere
1400 2321 1678 2372 differrent.

187 2392 329 2440 Haec
360 2397 495 2440 enim
526 2401 606 2441 est
635 2411 737 2441 non
766 2396 1035 2442 verborum
1063 2413 1220 2459 parva
1249 2399 1340 2446 sed
1368 2415 1538 2447 rerum
1567 2417 1679 2463 per·

532 2520 552 2548 ⁸
579 2523 714 2562 etiam
734 2522 971 2574 Heindorf,
992 2528 1141 2565 autem
1166 2525 1348 2569 Maller.

199 2600 257 2643 18
