1853 3001
902 195 1153 243 CICERO

287 332 382 383 est,
432 342 542 374 esse
584 343 734 373 nemo
781 332 953 390 negat.
1037 325 1309 374 Cleanthes
1353 327 1558 391 quidem
1605 334 1776 375 noster

284 401 526 458 quattuor
561 394 626 441 de
661 397 822 441 causis
859 395 988 441 dixit
1022 397 1074 440 in
1111 398 1288 441 animis
1329 393 1591 442 hominum
1625 394 1777 442 infor-

284 468 447 508 matas
484 462 693 509 deorum
733 477 843 508 esse
881 465 1127 508 notiones.
1198 462 1417 508 Primam
1454 465 1623 525 posuit
1662 479 1774 510 eam

284 529 348 576 de
385 546 485 592 qua
520 529 670 576 modo
699 529 821 585 dixi,
849 545 979 592 quae
1010 536 1121 575 orta
1159 536 1291 576 esset
1321 546 1384 576 ex
1420 533 1775 592 praesensione

285 613 453 643 rerum
499 595 821 652 futurarum3
886 596 1115 652 alteram,
1162 614 1314 660 quam
1360 601 1662 659 ceperimus1
1710 614 1774 644 ex

283 665 636 727 magnitudine
677 664 1054 710 commodorum
1095 680 1226 727 quae
1265 667 1614 727 percipiuntur
1651 664 1778 711 caeli

284 734 657 793 temperatione
685 730 1002 778 fecunditate
1029 739 1278 778 terrarum
1307 731 1618 795 aliarumque
1645 749 1779 778 com-

210 804 260 843 14
284 799 589 845 moditatum
618 798 931 860 conplurium
950 802 1093 860 copia
1117 815 1127 854 3
1165 802 1389 855 tertiam,
1410 815 1541 862 quae
1560 805 1779 847 terreret

287 869 477 911 animos
536 865 828 912 fulminibus
887 867 1280 928 tempestatibus
1339 867 1521 913 nimbis
1579 868 1777 914 nivibus

284 933 612 996 grandinibus
651 937 892 980 vastitate
929 933 1224 995 pestilentia
1259 941 1427 980 terrae
1464 935 1686 981 motibus
1724 940 1778 981 et

284 1016 436 1062 saepe
494 999 778 1047 fremitibus
835 999 1148 1063 lapideisque
1205 1001 1448 1047 imbribus
1506 1007 1560 1048 et
1615 1003 1778 1065 guttis

283 1068 520 1114 imbrium
553 1070 695 1130 quasi
729 1071 967 1123 cruentis,
1000 1075 1111 1114 tum
1145 1067 1340 1114 labibus
1375 1074 1465 1114 aut
1496 1071 1777 1130 repentinis

283 1141 533 1181 terrarum
571 1134 809 1190 hiatibus,
847 1142 958 1181 tum
996 1142 1202 1197 praeter
1239 1142 1475 1182 naturam
1513 1134 1776 1182 hominum

283 1202 638 1265 pecudumque
665 1206 933 1265 portentis,
960 1210 1071 1248 tum
1097 1201 1289 1249 facibus
1317 1206 1430 1249 visis
1457 1202 1778 1259 caelestibus,

285 1276 396 1315 tum
420 1269 578 1316 stellis
602 1272 660 1316 iis
686 1286 810 1333 quas
837 1270 1016 1316 Graeci
1041 1277 1264 1316 cometas
1288 1272 1446 1317 nostri
1469 1273 1778 1317 cincinnatas

285 1343 483 1392 vocant,
511 1353 642 1400 quae
675 1354 837 1399 nuper
869 1337 1001 1383 bello
1038 1337 1317 1384 Octaviano
1345 1354 1645 1401 magnarum
1669 1335 1778 1384 fue-

284 1410 403 1450 runt
445 1403 791 1450 calamitatum
826 1408 1177 1466 praenuntiae,
1210 1412 1321 1451 tum
1358 1404 1460 1451 sole
1499 1407 1777 1468 geminato,

285 1471 421 1533 quod
440 1478 498 1517 ut
520 1487 546 1517 e
567 1479 713 1534 patre
735 1472 900 1518 audivi
922 1472 1175 1518 Tuditano
1197 1479 1250 1519 et
1270 1471 1473 1535 Aquilio
1493 1471 1777 1519 consulibus

286 1545 544 1594 evenerat,
578 1555 677 1602 quo
720 1539 926 1601 quidem
970 1556 1100 1585 anno
1144 1539 1198 1586 P.
1234 1538 1500 1586 Africanus
1542 1538 1615 1586 sol
1648 1538 1778 1586 alter

285 1608 539 1652 extinctus
565 1613 659 1661 est,
685 1608 865 1669 quibus
891 1609 1121 1653 exterriti
1144 1605 1371 1653 homines
1397 1609 1497 1652 vim
1521 1606 1775 1669 quandam

208 1675 262 1717 15
289 1688 398 1719 esse
429 1672 703 1720 caelestem
735 1681 788 1720 et
819 1674 1039 1719 divinam
1070 1677 1308 1735 suspicati
1339 1681 1492 1729 sunt3
1541 1680 1776 1736 quartam

283 1756 485 1786 causam
526 1756 634 1787 esse
674 1757 889 1803 eamque
928 1740 1007 1787 vel
1043 1745 1318 1787 maximam
1357 1740 1772 1803 aequabilitatem

284 1813 454 1852 motus
471 1811 975 1870 conversionumque²
992 1808 1132 1862 caeli,
1154 1808 1267 1855 solis
1283 1807 1432 1854 lunae
1453 1809 1774 1870 siderumque

285 1878 509 1920 omnium
564 1876 939 1922 distinctionem
994 1879 1296 1922 varietatem
1349 1874 1775 1938 pulchritudinem

285 1942 530 1997 ordinem,
558 1959 771 2005 quarum
796 1959 964 1989 rerum
992 1950 1224 2005 aspectus
1249 1946 1356 2005 ipse
1383 1946 1504 1989 satis
1529 1943 1776 1989 indicaret

285 2025 384 2055 non
410 2025 519 2056 esse
546 2025 607 2056 ea
631 2009 855 2057 fortuita.
927 2010 1018 2066 Ut,
1044 2013 1083 2057 si
1110 2013 1220 2073 quis
1245 2013 1297 2056 in
1322 2010 1528 2057 domum
1554 2009 1772 2073 aliquam

342 2125 359 2149 ¹
389 2138 645 2178 caperemus
667 2126 798 2166 Bake.

346 2179 362 2203 ²
390 2181 812 2232 conversionumque
850 2180 1056 2221 Ernesti:
1106 2182 1433 2221 conversionem
1472 2190 1604 2222 ussa
1647 2186 1774 2225 <con-

286 2235 607 2286 stanuamque>
630 2236 964 2275 conversionum
988 2234 1247 2286 Reyenhart.

350 2365 369 2383 ⁰
399 2359 486 2401 Gn.
508 2359 736 2409 Octavius,
756 2374 844 2402 cos.
868 2364 920 2402 87
944 2375 1040 2408 n.c.‚
1061 2374 1150 2401 was
1178 2375 1205 2401 a
1225 2363 1420 2412 partisan
1441 2361 1491 2400 of
1512 2359 1651 2408 Sulla,
1672 2359 1771 2401 who

289 2426 379 2453 was
409 2414 511 2454 then
534 2419 580 2454 at
606 2429 696 2455 war
725 2416 830 2455 with
858 2415 1167 2461 Mithridatem
1197 2415 1271 2455 the
1300 2414 1426 2455 other
1453 2413 1607 2455 consul
1627 2414 1771 2455 Cinna

288 2468 748 2562 gilffiofffiegdfelhiarius.
812 2469 1025 2521 Fighting
1044 2468 1150 2509 took
1173 2469 1298 2520 place
1323 2468 1519 2509 between
1539 2468 1660 2509 them
1679 2467 1770 2510 and

337 2535 361 2597 (ἑ
390 2576 484 2617 The
504 2554 820 2629 proscriptions
840 2577 892 2616 of
909 2577 1081 2618 Marius
1101 2576 1190 2616 and
1212 2575 1350 2617 Sulla.

292 2635 382 2676 136
