1853 3001
916 212 1167 260 CICERO

220 355 273 396 35
298 345 478 408 Neque
497 346 631 390 enim
654 343 748 390 dici
774 350 947 406 potest
967 346 1018 389 in
1040 343 1140 390 ulla
1160 359 1329 390 rerum
1348 345 1668 390 institutione
1688 359 1789 390 non

299 435 409 468 esse
444 419 634 482 aliquid
668 426 955 465 extremum
989 425 1145 482 atque
1177 417 1477 482 perfectum.
1547 418 1623 466 Ut
1655 421 1790 465 enim

300 499 352 542 in
385 499 489 541 vite
525 501 583 541 ut
615 497 667 540 in
700 494 897 557 pecude
931 497 1025 540 nisi
1059 510 1190 557 quae
1225 497 1296 541 vis
1331 495 1531 541 obstitit
1563 494 1791 541 videmus

302 578 538 618 naturam
568 586 658 617 suo
690 570 910 633 quodam
940 573 1122 616 itinere
1153 570 1219 617 ad
1248 569 1483 616 ultimum
1511 573 1795 633 pervenire,

305 653 461 709 atque
491 652 549 692 ut
576 648 776 708 pictura
806 651 859 691 et
887 643 1077 691 fabrica
1105 652 1411 708 ceteraeque
1439 652 1574 692 artes
1602 643 1796 691 habent

305 721 561 785 quendam
586 719 803 766 absoluti
827 722 991 782 operis
1016 718 1271 776 effectum,
1294 723 1362 767 sic
1384 723 1437 766 in
1459 723 1595 767 omni
1618 727 1800 766 natura

306 813 363 843 ac
411 795 571 842 multo
617 798 773 842 etiam
808 798 970 859 magis
1006 811 1212 842 necesse
1250 802 1328 842 est
1373 794 1562 842 absolvi
1613 794 1802 858 aliquid

305 888 364 918 ac
403 870 591 934 perfici.
677 870 884 917 Etenim
926 873 1108 917 ceteris
1151 873 1344 917 naturis
1385 869 1548 917 multa
1589 876 1802 917 externa

307 963 406 1010 quo
435 949 601 992 minus
630 945 956 1008 perficiantur
984 952 1197 1008 possunt
1225 946 1488 1001 obsistere,
1517 948 1802 992 universam

307 1029 482 1068 autem
512 1028 748 1067 naturam
773 1020 910 1067 nulla
934 1037 1014 1067 res
1038 1027 1211 1084 potest
1235 1021 1500 1083 impedire,
1530 1028 1803 1084 propterea

309 1097 445 1161 quod
475 1099 636 1143 omnis
666 1103 872 1142 naturas
901 1099 1011 1158 ipsa
1040 1094 1244 1143 cohibet
1274 1103 1328 1143 et
1356 1099 1599 1143 continet.
1668 1095 1805 1155 Quo-

309 1175 439 1218 circa
473 1187 679 1218 necesse
715 1177 793 1217 est
828 1187 936 1217 esse
972 1177 1210 1234 quartum
1244 1170 1384 1217 illum
1419 1178 1473 1218 et
1507 1170 1804 1217 altissimum

231 1255 284 1295 36
307 1247 522 1311 gradum
566 1263 665 1309 quo
708 1244 846 1291 nulla
888 1248 959 1292 vis
1002 1248 1161 1308 possit
1205 1246 1461 1293 accedere.
1544 1245 1593 1293 Is
1630 1253 1804 1293 autem

311 1329 390 1369 est
426 1321 613 1385 gradus
650 1323 703 1366 in
740 1337 839 1384 quo
876 1336 1045 1367 rerum
1083 1323 1309 1367 omnium
1346 1327 1530 1367 natura
1564 1323 1807 1384 ponitur;

312 1412 443 1460 quae
470 1398 709 1459 quoniam
734 1394 850 1441 talis
877 1402 956 1441 est
980 1401 1039 1442 ut
1065 1401 1118 1442 et
1142 1397 1332 1458 praesit
1356 1395 1588 1442 omnibus
1614 1402 1668 1442 et
1693 1411 1806 1442 eam

310 1471 447 1518 nulla
478 1487 558 1518 res
591 1473 751 1533 possit
783 1470 1032 1533 inpedire,
1065 1485 1272 1516 necesse
1306 1476 1386 1517 est
1417 1468 1805 1534 intellegentem

312 1563 422 1594 esse
449 1546 696 1593 mundum
725 1551 778 1592 et
805 1545 1012 1608 quidem
1040 1547 1196 1592 etiam
1222 1547 1524 1608 sapientem.

377 1620 561 1680 “Quid
597 1627 771 1667 autem
815 1626 894 1667 est
934 1623 1161 1667 inscitius
1208 1624 1383 1683 quam1
1421 1636 1535 1666 eam
1571 1626 1805 1667 naturam

313 1712 444 1760 quae
492 1698 653 1743 omnis
700 1711 779 1741 res
827 1697 894 1742 sit
939 1694 1187 1757 conplexa
1233 1711 1334 1741 non
1380 1701 1644 1757 optumam
1691 1695 1808 1751 dici,

311 1778 402 1819 aut
436 1787 552 1818 cum
588 1773 654 1817 sit
690 1776 902 1832 optuma
937 1786 1038 1816 non
1073 1772 1292 1831 primum
1330 1772 1642 1816 animantem
1679 1785 1807 1827 esse,

312 1846 500 1894 deinde
558 1847 767 1891 rationis
827 1851 882 1891 et
938 1843 1128 1891 consilii
1186 1851 1494 1907 compotem,
1550 1850 1807 1908 postremo

312 1921 640 1984 sapientem?
709 1919 808 1978 Qui
846 1922 980 1966 enim
1015 1926 1189 1982 potest
1225 1918 1372 1966 aliter
1408 1935 1517 1966 esse
1553 1919 1807 1982 optuma?

314 1996 494 2059 Neque
525 1998 659 2042 enim
689 1997 729 2041 si
759 1997 991 2057 stirpium
1021 1993 1191 2041 similis
1222 1997 1287 2040 sit
1317 2001 1406 2041 aut
1437 1997 1590 2041 etiam
1620 1994 1807 2041 bestia-

312 2088 441 2127 rum,
476 2077 687 2134 optuma
721 2070 951 2132 putanda
985 2072 1051 2116 sit
1085 2072 1252 2132 potius
1289 2085 1442 2132 quam
1477 2069 1804 2124 deterruma3

312 2163 405 2193 nec
444 2162 561 2192 vero
601 2147 641 2191 si
681 2147 888 2190 rationis
926 2147 1180 2206 particeps
1219 2146 1285 2190 sit
1323 2159 1417 2190 nec
1455 2146 1521 2190 sit
1559 2150 1735 2190 tamen
1773 2159 1803 2190 a

311 2223 554 2284 principio
576 2222 793 2281 sapiens,
814 2235 915 2265 non
936 2221 1001 2265 sit
1023 2219 1244 2265 deterior
1263 2218 1439 2265 mundi
1459 2221 1627 2280 potius
1649 2234 1802 2281 quam

312 2295 534 2342 humana
568 2294 826 2349 condici03
879 2292 1029 2340 homo
1066 2296 1199 2339 enim
1235 2296 1434 2355 sapiens
1471 2292 1576 2339 fieri
1611 2299 1803 2355 potest,

311 2370 529 2417 mundus
549 2376 722 2415 autem
741 2371 779 2415 si
805 2372 857 2414 in
877 2375 1085 2414 aeterno
1099 2370 1363 2430 praeteriti
1379 2370 1620 2430 temporis
1638 2369 1802 2429 spatio

313 2444 411 2492 fuit
450 2447 707 2508 insipiens,
743 2459 1020 2506 numquam
1060 2440 1289 2505 profecto
1338 2445 1638 2505 sapientiam
1686 2458 1801 2489 con-

756 2561 775 2588 l
804 2574 941 2614 quam
960 2564 1084 2607 <aut>
1106 2559 1354 2602 Manutius.

329 2627 420 2676 156
