1919 3006
904 172 1154 221 CICERO

351 302 514 351 LXII.
550 302 580 322 ‘⁶
604 303 852 366 Principio
877 307 985 367 ipse
1012 305 1229 353 mundus
1256 306 1466 352 deorum
1491 303 1770 352 hominum-

286 407 385 453 que
407 406 556 436 causa
577 388 740 436 factus
763 396 857 446 est,
879 406 1112 453 quaeque
1133 393 1184 436 in
1207 406 1266 437 eo
1288 397 1405 437 sunt
1427 405 1488 436 ea
1506 396 1685 453 parata
1707 388 1771 436 ad

285 475 507 522 fructum
522 474 782 521 hominum
800 482 853 522 et
868 478 1075 522 inventa
1092 483 1223 523 sunt.
1294 476 1387 523 Est
1404 478 1538 522 enim
1554 475 1770 522 mundus

287 565 429 625 quasi
455 564 731 607 communis
758 561 967 607 deorum
995 568 1149 624 atque
1175 561 1434 608 hominum
1461 562 1656 617 domus,
1683 566 1772 607 aut

287 648 405 694 urbs
433 654 761 709 utrorumque
786 662 797 702 ;
843 646 932 693 soli
962 650 1095 693 enim
1123 651 1318 694 ratione
1346 654 1551 694 utentes
1578 650 1686 693 iure
1714 661 1772 692 ac

286 732 400 796 lege
433 735 622 778 vivunt.
692 731 766 778 Ut
797 735 952 795 igitur
984 731 1214 779 Athenas
1249 740 1302 780 et
1335 732 1772 779 Lacedaemonem

287 818 676 866 Atheniensium
727 817 1343 882 Lacedaemoniorumque
1392 835 1542 866 causa
1589 825 1773 881 putan-

286 906 407 952 dum
444 910 522 950 est
560 904 787 950 conditas
824 919 950 959 esse,
986 907 1255 967 omniaque
1296 921 1426 968 quae
1466 908 1566 951 sint
1604 906 1656 949 in
1695 901 1772 950 his

286 991 492 1037 urbibus
534 1006 706 1036 eorum
745 989 1044 1052 populorum
1083 998 1222 1037 recte
1263 1006 1372 1038 esse
1411 991 1663 1045 dicuntur,
1702 991 1771 1035 sic

287 1091 637 1140 quaecumque
684 1082 802 1121 sunt
846 1078 898 1121 in
943 1079 1078 1122 omni
1124 1077 1312 1123 mundo
1359 1077 1566 1123 deorum
1615 1082 1770 1138 atque

186 1171 263 1212 155
286 1161 546 1208 hominum
579 1161 808 1223 putanda
841 1167 974 1209 sunt.
1043 1161 1152 1208 Iam
1187 1178 1303 1208 vero
1337 1164 1623 1208 circumitus
1656 1159 1772 1208 solis

287 1255 341 1294 et
375 1245 524 1293 lunae
558 1245 966 1309 reliquorumque
1000 1248 1237 1303 siderum,
1272 1264 1580 1311 quamquam
1615 1249 1771 1293 etiam

286 1334 352 1380 ad
366 1333 540 1379 mundi
560 1331 935 1379 cohaerentiam
950 1335 1227 1394 pertinent,
1243 1340 1418 1380 tamen
1439 1339 1493 1380 et
1512 1338 1771 1395 spectacu-

285 1419 389 1466 lum
409 1418 692 1465 hominibus
711 1418 962 1480 praebent
983 1433 996 1474 ;
1034 1418 1170 1464 nulla
1192 1425 1269 1465 est
1290 1421 1424 1464 enim
1443 1416 1771 1464 insatiabilior

284 1507 494 1568 species,
518 1503 654 1550 nulla
677 1502 927 1566 pulchrior
952 1511 1006 1551 et
1031 1504 1096 1551 ad
1118 1507 1368 1550 rationem
1391 1503 1767 1566 sollertiamque

283 1593 654 1655 praestantior3
709 1605 881 1636 eorum
918 1593 1051 1636 enim
1086 1607 1256 1636 cursus
1291 1591 1526 1637 dimetati
1559 1591 1768 1636 maturir

283 1683 419 1723 tates
447 1683 735 1738 temporum
765 1682 818 1721 et
846 1679 1117 1723 varietates
1146 1679 1556 1740 mutationesque
1584 1690 1770 1738 cogno-

285 1765 444 1809 vimus
469 1777 480 1817 ;
526 1777 655 1824 quae
683 1764 723 1807 si
749 1759 1032 1808 hominibus
1058 1760 1172 1808 solis
1198 1768 1321 1809 nota
1345 1768 1481 1817 sunt,
1505 1759 1766 1808 hominum

184 1857 261 1900 156
285 1847 421 1894 facta
459 1863 567 1894 esse
605 1863 755 1893 causa
791 1847 1114 1894 iudicandum
1152 1854 1245 1894 est.
1312 1848 1468 1894 Terra
1503 1862 1620 1893 vero
1658 1845 1766 1893 feta

284 1933 510 1997 frugibus
563 1939 615 1979 et
666 1936 800 1979 vario
853 1932 1163 1996 leguminum
1213 1949 1420 1997 genere,
1470 1948 1601 1996 quae
1651 1947 1766 1979 cum

283 2034 522 2066 maxuma
546 2017 783 2081 largitate
808 2016 993 2074 fundit,
1020 2035 1080 2065 ea
1105 2018 1391 2065 ferarumne
1418 2034 1482 2064 an
1506 2017 1766 2065 hominum

283 2120 433 2151 causa
459 2107 668 2167 gignere
697 2104 895 2150 videtur
917 2104 935 2149 ?
1004 2102 1139 2161 Quid
1166 2104 1230 2150 de
1258 2105 1441 2150 vitibus
1468 2103 1766 2166 olivetisque

283 2191 464 2245 dicam,
531 2206 742 2252 quarum
809 2190 1063 2236 uberrumi
1129 2188 1507 2252 laetissumique
1573 2188 1764 2236 fructus

283 2274 405 2321 nihil
446 2278 647 2322 omnino
690 2275 754 2321 ad
804 2275 990 2321 bestias
1037 2275 1332 2337 pertinent?
1401 2275 1580 2338 Neque
1631 2277 1762 2321 enim

273 2352 471 2399 serendi
520 2367 686 2413 neque
735 2350 931 2396 colendi
980 2367 1073 2396 nec
1121 2354 1427 2413 tempestive
1475 2351 1768 2399 demetendi

272 2437 684 2501 percipiendique
712 2434 905 2481 fructus
934 2451 1100 2497 neque
1129 2436 1378 2482 condendi
1407 2452 1466 2483 ac
1491 2436 1767 2499 reponendi

269 2548 364 2594 272
