1919 3006
964 171 1215 220 CICERO

245 311 323 354 134
347 301 607 366 perfectio.
676 302 807 349 Nam
841 319 956 350 cum
988 304 1149 350 tribus
1182 304 1332 351 rebus
1367 308 1700 352 animantium
1733 309 1837 354 vita

345 378 600 426 teneatur,
638 371 748 417 cibo
784 374 991 433 potione
1027 374 1224 433 spiritu,
1261 372 1327 419 ad
1361 370 1487 419 haec
1522 376 1691 420 omnia
1724 389 1838 436 per-

345 439 577 501 cipienda
613 454 666 484 os
705 444 783 485 est
820 441 1153 500 aptissimum,
1183 439 1319 502 quod
1355 440 1603 487 adiunctis
1633 441 1838 488 naribus

345 508 523 568 spiritu
555 512 785 568 augetur.
859 505 1114 552 Dentibus
1145 513 1318 553 autem
1347 510 1399 553 in
1424 523 1510 554 ore
1538 510 1837 555 constructis

345 573 621 619 manditur1
652 579 807 635 atque
833 573 897 619 ab
922 576 1000 619 iis2
1027 580 1335 620 extenuatur
1355 581 1409 621 et
1431 573 1654 621 mollitur
1679 575 1835 622 cibus.

346 640 535 686 Eorum
577 640 772 687 adversi
815 643 950 687 acuti
992 657 1160 687 morsu
1201 641 1434 688 dividunt
1475 657 1632 698 escas,
1671 644 1838 688 intimi

348 714 521 754 autem
540 707 811 754 conficiunt
830 710 915 770 qui
933 711 1140 771 genuini
1160 715 1419 764 vocantur,
1439 725 1571 771 quae
1589 707 1839 756 confectio

244 782 322 823 135
347 777 502 820 etiam
527 791 556 820 a
579 774 752 837 lingua
776 775 1001 821 adjuvari
1024 775 1239 822 videtur.
1299 775 1551 839 Linguam
1575 783 1750 823 autem
1774 776 1839 823 ad

346 842 538 888 radices
568 845 673 888 eius
701 841 915 889 haerens
944 845 1133 904 excipit
1160 842 1465 899 stomachus,
1494 860 1594 906 quo
1620 847 1839 906 primum

346 908 639 956 inlabuntur
669 925 729 955 ea
760 926 890 972 quae
921 917 1132 972 accepta
1161 917 1279 957 sunt
1309 927 1409 957 ore.
1448 910 1497 958 Is
1527 917 1744 973 utraque
1775 926 1839 957 ex

347 983 494 1038 parte
521 976 709 1023 tosillas
737 980 996 1040 attingens
1022 976 1194 1039 palato
1222 984 1452 1024 extremo
1480 984 1636 1041 atque
1661 980 1841 1024 intimo

348 1047 666 1090 terminatur.
705 1045 878 1107 Atque
908 1047 948 1091 is
984 1047 1264 1108 agitatione
1301 1052 1355 1092 et
1389 1045 1610 1092 motibus
1637 1044 1841 1109 linguae

349 1127 462 1157 cum
511 1110 777 1173 depulsum
825 1118 879 1158 et
925 1114 1067 1174 quasi
1115 1112 1376 1159 detrusum
1418 1113 1586 1159 cibum
1628 1115 1841 1174 accepit,

350 1177 594 1240 depellit:
648 1181 803 1241 ipsius
841 1185 1015 1225 autem
1050 1186 1222 1241 partes
1261 1195 1352 1226 eae
1389 1195 1521 1242 quae
1557 1186 1677 1226 sunt
1711 1177 1841 1225 infra

350 1262 502 1308 quam
520 1246 572 1292 id
591 1246 728 1308 quod
745 1246 1016 1293 devoratur
1034 1245 1329 1303 dilatantur,
1349 1263 1479 1310 quae
1499 1253 1673 1293 autem
1690 1261 1842 1309 supra

247 1320 326 1360 136
351 1311 730 1359 contrahuntur.
796 1312 896 1360 Sed
944 1330 1058 1360 cum
1112 1330 1291 1376 aspera
1342 1317 1662 1361 arteria—sic
1706 1316 1841 1360 enim

350 1396 379 1426 a
438 1380 645 1427 medicis
705 1380 1240 1443 appellatur—ostium
1298 1379 1488 1428 habeat
1546 1381 1841 1429 adiunctum

351 1446 553 1511 linguae
602 1448 852 1494 radicibus
901 1447 1052 1510 paulo
1101 1465 1252 1511 supra
1301 1464 1454 1512 quam
1503 1448 1569 1496 ad
1615 1447 1841 1512 linguam

351 1514 638 1562 stomachus
689 1515 994 1572 adnectitur,
1043 1531 1206 1578 eaque
1256 1516 1321 1563 ad
1367 1515 1632 1579 pulmones
1679 1531 1840 1578 usque

349 1586 607 1644 pertineat
642 1585 965 1645 excipiatque
1001 1586 1221 1628 animam
1258 1599 1372 1629 eam
1407 1598 1538 1646 quae
1573 1583 1728 1630 ducta
1763 1588 1842 1629 est

351 1652 548 1712 spiritu,
574 1650 891 1713 eandemque
923 1666 952 1696 a
981 1649 1301 1712 pulmonibus
1326 1653 1541 1712 respiret
1565 1656 1619 1697 et
1642 1648 1842 1705 reddat,

352 1720 546 1780 tegitur
569 1717 790 1780 quodam
814 1720 956 1780 quasi
979 1717 1232 1779 operculo,
1256 1717 1393 1780 quod
1415 1718 1479 1764 ob
1504 1733 1617 1764 eam
1639 1732 1843 1763 causam

353 1784 531 1830 datum
572 1791 650 1830 est
690 1800 754 1830 ne
795 1788 834 1830 si
875 1785 997 1847 quid
1035 1787 1086 1830 in
1128 1801 1240 1830 eam
1280 1785 1377 1831 cibi
1416 1782 1548 1831 forte
1586 1784 1844 1831 incidisset

352 1854 555 1913 spiritus
585 1852 932 1914 impediretur.
998 1850 1099 1898 Sed
1130 1868 1244 1898 cum
1277 1851 1372 1898 alvi
1404 1858 1587 1898 natura
1616 1851 1845 1898 subiecta

353 1917 612 1965 stomacho
636 1919 734 1966 cibi
759 1926 813 1965 et
835 1922 1052 1981 potionis
1077 1922 1142 1965 sit
1164 1918 1559 1981 receptaculum,
1581 1917 1845 1981 pulmones

354 1993 528 2032 autem
567 1992 621 2032 et
658 2003 742 2033 cor
781 1989 1091 2032 extrinsecus
1131 1989 1363 2048 spiritum
1402 1986 1608 2041 ducant,
1644 1988 1697 2031 in
1735 1984 1845 2031 alvo

353 2052 514 2100 multa
550 2059 668 2099 sunt
703 2052 1000 2100 mirabiliter
1037 2052 1234 2109 effecta,
1271 2069 1402 2116 quae
1438 2058 1639 2100 constat
1672 2051 1780 2098 fere
1816 2066 1847 2098 e

408 2159 424 2185 ¹
456 2159 695 2200 mandatur
715 2161 768 2201 ci.
791 2160 929 2201 Alan.
1303 2159 1320 2184 ²
1349 2159 1408 2200 ab
1429 2161 1480 2200 iis
1501 2159 1598 2200 secl.
1621 2159 1789 2200 Baiter.

416 2270 435 2290 ⁰
467 2265 508 2306 A
533 2264 752 2317 plausible
778 2265 1062 2306 emendation
1092 2265 1143 2305 of
1172 2264 1247 2305 the
1275 2268 1366 2305 text
1394 2265 1516 2316 gives
1546 2264 1556 2280 ‘
1578 2263 1746 2304 Within
1775 2263 1849 2304 the

359 2319 514 2360 mouth
547 2321 582 2359 is
614 2319 688 2360 the
719 2323 936 2360 structure
968 2320 1019 2360 of
1045 2319 1120 2359 the
1151 2318 1283 2365 teeth‚
1317 2323 1362 2358 to
1394 2318 1537 2358 which
1570 2317 1644 2358 the
1675 2316 1781 2358 food
1814 2319 1848 2357 is

359 2372 536 2414 handed
557 2386 660 2444 qver
688 2373 964 2426 (mandatur)
993 2372 1082 2413 and
1111 2372 1173 2425 by
1194 2372 1335 2412 which
1367 2374 1402 2413 it
1421 2374 1457 2413 is
1477 2370 1655 2413 divided
1677 2383 1738 2424 up
1759 2368 1848 2412 and

353 2426 569 2522 SOfge'rllh}
591 2479 741 2522 Greek
779 2481 969 2521 tracheia
1002 2480 1182 2528 arteria,
1215 2480 1224 2496 ‘
1240 2479 1383 2531 rough
1416 2483 1562 2532 artery
1577 2478 1586 2494 '
1619 2477 1848 2531 (air-ducta

364 2535 454 2576 and
476 2533 790 2576 blood-voesels
810 2538 888 2575 not
907 2534 1042 2588 being
1060 2533 1416 2587 distinguished).

368 2605 461 2647 252
