1919 3006
997 182 1249 231 CICERO

377 316 588 368 tene013
641 317 717 359 sin
750 316 947 369 vitiose,
981 317 1170 360 minam
1206 315 1465 378 Diogenes
1498 313 1619 361 mihi
1652 314 1836 362 reddet
1856 312 1870 332 '

378 387 464 448 (ab
491 404 550 434 eo
577 392 711 435 enim
737 388 904 435 Stoico
925 389 1241 436 dialecticam
1262 390 1525 446 didicerat,
1545 389 1670 436 haec
1697 397 1868 436 autem

375 477 569 508 merces
608 470 718 509 erat
754 463 1167 528 dialecticorum).
1229 462 1422 527 Sequor
1455 467 1611 527 igitur
1647 479 1731 511 eas
1767 467 1870 511 vias

376 552 501 598 quas
549 537 699 584 didici
748 540 811 585 ab
859 538 1129 595 Antiocho,
1178 555 1271 586 nec
1320 542 1518 602 reperio
1570 556 1670 603 quo
1720 539 1871 586 modo

375 611 593 658 iudicem
617 612 626 628 ‘
651 611 701 659 Si
723 612 877 670 lucet,
899 613 1036 660 lucet
1061 613 1070 628 '
1096 630 1269 660 verum
1293 630 1401 660 esse
1425 615 1510 677 (ob
1533 630 1647 661 eam
1669 630 1872 661 causam

376 687 512 748 quod
536 690 611 734 ita
636 688 803 744 didici,
830 706 979 736 omne
1008 690 1143 751 quod
1169 692 1334 751 ipsum
1361 705 1425 736 ex
1451 705 1505 736 se
1531 706 1781 736 conexum
1806 692 1873 736 sit

375 776 551 807 verum
595 763 742 826 esse),
786 780 887 810 non
929 763 1147 809 iudicem
1191 762 1276 809 ‘Si
1318 766 1565 820 mentiris,
1606 765 1835 810 mentiris
1859 761 1872 779 '

375 835 557 881 eodem
592 837 743 883 modo
781 853 890 883 esse
927 853 1191 884 conexum.
1255 838 1363 884 Aut
1394 840 1550 901 igitur
1585 843 1659 885 et²
1686 835 1781 884 hoc
1816 843 1872 885 et

373 907 496 956 illud
522 917 611 957 aut
634 914 728 957 nisi
753 910 847 957 hoc
871 927 935 957 ne
960 910 1084 958 illud
1109 911 1315 974 quidem
1339 912 1587 960 iudicabo.

437 984 626 1031 XXXI.
666 985 819 1032 “Sed
865 993 923 1033 ut
969 1003 1142 1032 omnes
1189 989 1311 1033 istos
1359 986 1557 1033 aculeos
1603 992 1658 1034 et
1701 992 1871 1034 totum

373 1064 660 1106 tortuosum
676 1077 837 1124 genus
854 1061 1146 1124 disputandi
1165 1060 1507 1124 relinquamus
1524 1061 1873 1109 ostendamus-

375 1150 474 1196 que
496 1137 581 1197 qui
607 1138 779 1191 simus,
798 1138 899 1181 iam
921 1135 1174 1198 explicata
1192 1143 1305 1182 tota
1323 1135 1598 1183 Carneadis
1617 1138 1873 1183 sententia

374 1208 612 1256 Antiochi
668 1213 767 1257 ista
813 1218 1060 1258 conruent
1107 1215 1355 1259 universa.
1415 1211 1523 1258 Nec
1568 1227 1687 1258 vero
1737 1215 1873 1275 quic-

370 1301 524 1347 quam
558 1289 632 1331 ita
665 1285 829 1332 dicam
863 1293 921 1333 ut
951 1290 1218 1350 quisquam
1251 1287 1304 1334 id
1336 1286 1457 1350 fingi
1490 1290 1806 1349 suspicetur:
1843 1303 1871 1335 a

375 1359 688 1407 Clitomacho
725 1377 939 1417 sumam,
977 1364 1063 1424 qui
1099 1378 1259 1424 usque
1299 1361 1365 1409 ad
1402 1368 1723 1409 senectutem
1758 1378 1871 1409 cum

373 1434 637 1482 Carneade
672 1434 787 1491 fuit,
822 1435 972 1483 homo
1008 1444 1062 1483 et
1098 1444 1275 1484 acutus
1310 1444 1369 1484 ut
1403 1436 1602 1484 Poenus
1637 1444 1692 1484 et
1724 1437 1871 1484 valde

372 1510 626 1557 studiosus
655 1527 712 1558 ac
739 1510 967 1574 diligens.
1028 1511 1098 1558 Et
1124 1519 1366 1575 quattuor
1391 1515 1497 1559 eius
1522 1511 1635 1559 libri
1661 1519 1781 1559 sunt
1806 1512 1870 1559 de

371 1585 681 1632 sustinendis
733 1586 1132 1642 adsensionibus,
1184 1585 1310 1633 haec
1362 1593 1536 1633 autem
1587 1602 1719 1649 quae
1769 1589 1869 1633 iam

291 1667 345 1707 99
371 1659 535 1705 dicam
583 1667 703 1706 sunt
751 1668 957 1723 sumpta
1004 1661 1068 1707 de
1117 1664 1293 1724 primo.
1377 1661 1494 1708 Duo
1541 1660 1711 1724 placet
1759 1677 1869 1709 esse

369 1734 617 1781 Carneadi
657 1751 848 1798 genera
885 1739 1120 1791 visorum,
1158 1739 1209 1782 in
1248 1753 1347 1782 uno
1385 1734 1515 1783 hanc
1552 1736 1864 1793 divisionem,

369 1808 466 1855 alia
490 1813 595 1856 xisa
625 1826 733 1856 esse
765 1827 895 1872 quae
925 1814 1114 1873 percipi
1148 1814 1359 1874 possint,
1390 1810 1487 1857 alia
1515 1827 1646 1874 quae
1674 1814 1864 1874 percipi

366 1900 466 1930 non
490 1888 701 1947 possint,
725 1888 777 1930 in
803 1885 961 1931 altero
988 1893 1161 1932 autem
1187 1885 1283 1932 alia
1306 1889 1411 1932 visa
1435 1902 1545 1933 esse
1567 1885 1865 1949 probabilia,

368 1957 466 2004 alia
516 1975 617 2005 non
667 1959 981 2021 probabilia3
1050 1963 1225 2023 itaque
1278 1976 1409 2023 quae
1461 1967 1637 2007 contra
1686 1976 1860 2008 sensus

366 2039 643 2095 contraque
681 2037 1097 2096 perspicuitatem
1136 2034 1368 2081 dicantur
1405 2050 1467 2081 ea
1501 2037 1758 2097 pertinere
1796 2034 1859 2082 ad

364 2111 674 2170 superiorem
704 2109 1016 2164 divisionem,
1047 2116 1223 2156 contra
1250 2112 1582 2173 posteriorem
1611 2108 1733 2156 nihil
1761 2109 1858 2159 dici

465 2236 480 2261 ¹
513 2240 599 2282 <16>
619 2241 747 2278 161160
769 2238 945 2279 Dat-ies.
1361 2239 1452 2280 ’et
1471 2239 1660 2280 inseruit
1680 2239 1745 2280 ed.

426 2347 443 2365 ‘²
475 2342 562 2380 sax
596 2343 668 2382 έί4.
725 2343 817 2383 ’1116
846 2343 1065 2395 professor
1093 2344 1344 2384 mentioned
1375 2357 1463 2384 was
1490 2357 1517 2384 a
1546 2345 1689 2385 minor
1717 2343 1852 2394 Stoic,

363 2407 391 2434 a
425 2394 733 2447 Babxloniam
783 2397 839 2437 he
870 2401 988 2438 went
1017 2398 1122 2439 with
1155 2397 1406 2439 Carneades
1436 2401 1483 2439 to
1516 2397 1658 2438 Rome
1689 2411 1746 2439 on
1778 2399 1853 2440 the
1918 2440 1919 2444 ,

360 2439 538 2490 famous
558 2449 780 2502 embassy,
801 2455 820 2498 ς
845 2454 938 2492 137
1438 2451 1455 2477 ο
1491 2450 1562 2505 Os
1583 2455 1603 2500 ς
1624 2454 1693 2493 75

362 2506 690 2600 ἀπῖθΐναόἱτασὶαι
735 2507 1033 2555 καταληπτικαί
1073 2504 1163 2546 and
1208 2507 1505 2556 ἀκατάληπτα,
1552 2507 1718 2546 πιθαναὶ
1760 2504 1848 2547 and

361 2625 457 2675 592
