1853 3001
917 191 1169 240 CICERO

297 331 388 373 aut
413 327 467 371 in
493 325 814 388 gymnasium
843 330 933 370 aut
959 326 1011 369 in
1038 322 1203 370 forum
1231 329 1445 383 venerit,
1472 343 1587 374 cum
1614 328 1787 376 videat

302 409 530 455 omnium
572 421 742 451 rerum
783 408 1035 452 rationem
1076 406 1284 453 modum
1327 407 1643 471 disciplinam
1685 426 1786 458 non

296 491 455 552 possit
487 504 548 534 ea
577 490 684 534 sine
716 502 866 533 causa
902 486 1009 533 fieri
1045 487 1267 534 iudicare
1301 488 1392 536 sed
1422 505 1531 536 esse
1565 489 1785 554 aliquem

295 569 563 633 intellegat
598 571 685 631 qui
716 571 907 631 praesit
938 575 991 614 et
1025 572 1104 614 cui
1137 576 1394 631 pareatur,
1427 570 1588 618 multo
1621 575 1784 635 magis

294 654 347 698 in
380 654 536 698 tantis
570 650 876 696 motionibus
910 653 1170 712 tantisque
1204 651 1646 707 vicissitudinibus,
1675 660 1784 700 tam

294 732 570 780 multarum
593 748 762 778 rerum
787 738 943 794 atque
962 738 1222 778 tantarum
1242 733 1514 789 ordinibus,
1532 736 1585 779 in
1604 735 1785 797 quibus

297 813 420 861 nihil
452 829 695 876 umquam
726 816 955 859 inmensa
989 819 1042 859 et
1076 813 1275 860 infinita
1309 821 1536 861 vetustas
1567 817 1787 862 mentita

295 899 377 951 sit,
393 901 589 942 statuat
603 910 809 940 necesse
826 901 904 941 est
924 894 987 940 ab
1008 893 1176 957 aliqua
1189 901 1364 942 mente
1383 902 1554 943 tantos
1573 902 1787 944 naturae

294 984 462 1026 motus
485 977 771 1041 gubernari.

223 1067 274 1106 16
363 1059 450 1106 VI.
490 1057 847 1122 “Chrysippus
873 1058 1096 1121 quidem,
1117 1075 1427 1122 quamquam
1446 1066 1525 1106 est
1543 1063 1785 1107 acerrimo

292 1144 514 1206 ingenio,
547 1147 724 1187 tamen
757 1155 819 1185 ea
852 1140 974 1186 dicit
1007 1146 1065 1186 ut
1099 1140 1162 1186 ab
1195 1143 1305 1202 ipsa
1336 1147 1519 1187 natura
1552 1141 1784 1188 didicisse

292 1239 394 1270 non
459 1228 518 1269 ut
589 1225 697 1284 ipse
772 1224 1054 1283 repperisse
1121 1221 1369 1268 videatur.
1462 1221 1472 1237 ‘
1496 1220 1547 1268 Si
1614 1225 1750 1269 enim
1773 1220 1786 1238 '

291 1307 457 1368 inquit
493 1302 504 1319 ‘
529 1310 608 1349 est
645 1302 833 1365 aliquid
868 1305 921 1348 in
961 1318 1130 1348 rerum
1177 1309 1359 1349 natura
1400 1304 1536 1366 quod
1570 1302 1786 1350 hominis

292 1402 436 1432 mens
478 1385 614 1448 quod
653 1387 783 1430 ratio
826 1384 962 1447 quod
1003 1387 1074 1430 vis
1117 1384 1253 1446 quod
1291 1391 1521 1446 potestas
1562 1383 1786 1431 humana

293 1468 489 1514 efficere
531 1482 633 1512 non
674 1468 850 1528 possit,
894 1472 972 1511 est
1014 1471 1153 1512 certe
1194 1465 1248 1512 id
1290 1466 1426 1528 quod
1466 1465 1591 1512 illud
1633 1465 1786 1513 efficit

291 1547 495 1595 homine
531 1546 747 1602 melius;
803 1549 946 1609 atqui
980 1562 1059 1592 res
1097 1545 1342 1593 caelestes
1378 1563 1655 1610 omnesque
1693 1563 1784 1593 eae

294 1646 509 1694 quarum
559 1635 637 1675 est
686 1628 807 1675 ordo
857 1631 1195 1690 sempiternus
1245 1628 1309 1674 ab
1357 1626 1560 1675 homine
1609 1628 1785 1675 confici

292 1728 393 1758 non
435 1717 681 1773 possunt3
745 1716 823 1756 est
865 1713 1020 1773 igitur
1063 1709 1115 1756 id
1159 1714 1281 1772 quo1
1325 1708 1410 1755 illa
1452 1709 1785 1756 conficiuntur

291 1792 494 1840 homine
524 1791 702 1838 melius
726 1806 738 1847 ;
782 1791 836 1838 id
863 1798 1036 1837 autem
1064 1791 1186 1854 quid
1220 1794 1388 1853 potius
1416 1791 1602 1838 dixeris
1630 1807 1784 1854 quam

292 1874 486 1922 deum?
554 1873 762 1919 Etenim
808 1875 848 1919 si
895 1872 946 1919 di
982 1889 1083 1918 non
1119 1878 1254 1928 sunt,
1291 1872 1413 1935 quid
1455 1888 1564 1919 esse
1610 1878 1784 1934 potest

290 1959 343 2002 in
376 1971 546 2002 rerum
581 1961 764 2000 natura
797 1952 1001 1999 homine
1037 1952 1257 2000 melius?
1323 1956 1377 1999 in
1412 1969 1472 2000 eo
1509 1956 1643 1999 enim
1679 1951 1783 2000 solo

292 2043 371 2084 est
403 2040 550 2091 ratio,
586 2052 686 2098 qua
719 2034 842 2081 nihil
883 2041 1055 2097 potest
1091 2051 1199 2081 esse
1240 2037 1618 2096 praestantius3
1674 2049 1783 2080 6556

293 2125 467 2165 autem
509 2116 765 2163 hominem
809 2119 894 2179 qui
937 2114 1059 2161 nihil
1100 2119 1152 2161 in
1194 2118 1329 2162 omni
1371 2115 1561 2161 mundo
1602 2114 1782 2162 melius

293 2215 403 2246 esse
451 2215 603 2262 quam
649 2213 703 2244 se
749 2203 902 2260 putet
948 2197 1243 2259 desipientis
1291 2197 1621 2259 adrogantiae
1668 2202 1783 2251 est;

293 2297 414 2344 ergo
449 2287 528 2326 est
562 2279 752 2342 aliquid
785 2277 999 2334 melius;
1053 2285 1131 2324 est
1165 2281 1320 2341 igitur
1360 2275 1588 2339 profecto
1622 2274 1782 2324 deus.'

218 2368 268 2409 17
294 2364 377 2409 An
419 2378 536 2408 vero
580 2364 620 2407 si
663 2361 869 2407 domum
912 2376 1151 2423 magnam
1194 2357 1556 2422 pulchramque
1600 2358 1781 2405 videris

293 2461 394 2490 non
429 2445 586 2506 possis
626 2442 806 2488 adduci
845 2448 902 2488 ut
941 2444 1139 2487 etiamsi
1177 2440 1437 2487 dominum
1474 2456 1575 2487 non
1612 2439 1783 2487 videas

830 2569 848 2596 ¹
877 2583 905 2610 a
927 2582 1016 2622 quo
1037 2568 1141 2610 dett.

301 2642 390 2685 138
