1853 3001
877 184 1130 234 CICERO

262 316 343 365 Ita
391 317 449 365 fit
495 324 555 365 ut
600 317 963 365 mediterranei
1015 333 1155 364 mare
1209 333 1319 364 esse
1372 334 1474 365 non
1525 316 1751 366 credant.

262 388 406 447 Quae
439 395 558 435 sunt
588 395 767 435 tantae
799 390 953 434 animi
985 388 1293 452 angustiae?
1362 388 1454 444 Ut,
1485 390 1526 434 si
1556 385 1754 450 Seriphi

263 466 412 505 natus
446 475 579 505 esses
613 476 706 505 nec
738 475 981 521 umquam
1016 475 1246 522 egressus
1280 474 1343 504 ex
1374 457 1538 505 insula
1567 461 1620 504 in
1652 474 1754 521 qua
1819 490 1822 491 ν

263 527 543 591 lepusculos
565 529 956 592 vulpeculasque
978 545 1131 592 saepe
1154 529 1378 585 vidisses,
1400 545 1501 575 non
1522 529 1754 576 crederes

264 597 434 646 leones
460 607 513 646 et
535 600 810 662 pantheras
837 617 945 647 esse
971 617 1085 646 cum
1108 601 1202 647 tibi
1228 599 1401 663 quales
1427 606 1598 646 essent
1621 599 1755 646 dice-

262 675 420 726 retur,
446 673 486 716 si
512 687 630 717 vero
657 672 720 718 de
749 670 1021 734 elephanto
1048 673 1159 734 quis
1185 671 1396 727 diceret,
1422 673 1579 717 etiam
1603 669 1756 717 rideri

261 746 315 786 te
335 747 580 802 putares.¹

181 817 234 858 89
323 809 351 826 “
373 812 442 858 Et
456 819 513 859 tu
531 813 754 876 quidem,
769 811 948 868 Vellei,
963 829 1065 859 non
1079 818 1246 859 vestro
1260 828 1400 859 more
1419 812 1510 859 sed
1528 810 1758 858 dialecti-

268 896 455 938 corum,
492 899 625 945 quae
663 882 889 929 funditus
926 898 1052 946 gens
1084 889 1257 928 vestra
1290 899 1390 928 non
1426 884 1585 938 novit,
1610 899 1757 946 argu-

263 956 444 999 menti²
492 956 802 1000 sententiam
850 953 1152 1001 conclusisti.
1240 953 1425 1001 Beatos
1474 969 1584 1001 esse
1631 954 1753 1002 deos

264 1027 554 1086 sumpsisti:
611 1025 946 1072 concedimus.
1028 1024 1246 1071 Beatum
1284 1032 1458 1072 autem
1497 1041 1606 1073 esse
1643 1028 1752 1073 sine

264 1095 451 1141 virtute
475 1098 731 1142 neminem
756 1113 918 1158 posse.
987 1096 1206 1142 XXXII.
1243 1096 1304 1143 Id
1329 1113 1531 1160 quoque
1556 1097 1754 1155 damus,

264 1171 319 1211 et
355 1165 574 1212 libenter
613 1168 834 1230 quidem.
902 1167 1159 1214 Virtutem
1198 1175 1373 1214 autem
1411 1171 1519 1215 sine
1556 1171 1754 1216 ratione

263 1244 494 1283 constare
536 1254 637 1284 non
676 1255 857 1301 posse:
905 1242 1173 1285 conveniat
1211 1239 1265 1286 id
1305 1255 1507 1302 quoque
1547 1255 1755 1287 necesse

265 1313 358 1353 est.
427 1309 677 1372 Adiungis
721 1327 815 1356 nec
858 1313 1109 1356 rationem
1154 1326 1263 1357 esse
1307 1313 1401 1356 nisi
1443 1313 1496 1357 in
1539 1310 1754 1360 hominis

265 1377 426 1441 figura
449 1396 459 1425 :
506 1396 659 1442 quem
687 1383 780 1427 tibi
816 1380 910 1427 hoc
946 1381 1185 1427 daturum
1211 1388 1362 1444 putas
1385 1382 1404 1428 ?
1449 1384 1490 1429 si
1519 1385 1654 1429 enim
1679 1385 1755 1430 ita

266 1457 416 1505 esset,
452 1452 574 1513 quid
607 1469 731 1514 opus
767 1460 878 1499 erat
911 1460 964 1499 te
999 1453 1252 1516 gradatim
1284 1456 1415 1500 istuc
1447 1453 1754 1516 pervenire?

265 1525 559 1583 sumpsisses
584 1531 673 1570 tuo
697 1527 820 1570 iure.
882 1524 1001 1582 Qui³
1022 1532 1195 1571 autem
1213 1531 1290 1571 est
1315 1528 1445 1572 istuc
1462 1525 1754 1589 gradatim?

266 1609 383 1637 nam
424 1610 454 1639 a
493 1595 656 1641 beatis
698 1596 762 1642 ad
802 1598 1061 1653 virtutem,
1102 1613 1132 1642 a
1171 1599 1359 1643 virtute
1401 1597 1465 1643 ad
1503 1600 1754 1644 rationem

267 1664 411 1710 video
445 1671 500 1712 te
535 1669 728 1712 venisse
763 1668 1037 1730 gradibus:
1090 1684 1120 1713 a
1152 1671 1348 1714 ratione
1383 1668 1447 1715 ad
1480 1666 1754 1714 humanam

267 1735 479 1798 figuram
540 1753 639 1799 quo
699 1739 848 1785 modo
910 1739 1145 1785 accedis?
1225 1739 1565 1802 Praecipitare
1623 1743 1754 1786 istuc

267 1807 472 1869 quidem
498 1815 593 1864 est,
618 1825 718 1855 non
743 1810 1065 1856 descendere.

189 1883 243 1922 90
333 1877 359 1892 “
384 1878 490 1924 Nec
526 1896 642 1926 vero
678 1880 920 1944 intellego
957 1897 1044 1926 cur
1079 1879 1315 1927 maluerit
1350 1880 1595 1943 Epicurus
1631 1881 1752 1928 deos

266 1947 525 1996 hominum
579 1951 762 1998 similes
817 1952 983 1998 dicere
1038 1968 1190 2014 quam
1243 1951 1471 1999 homines
1524 1953 1749 2000 deorum.

267 2019 492 2078 Quaeres
517 2022 637 2084 quid
658 2025 859 2069 intersit
881 2039 892 2078 ;
933 2026 972 2069 si
996 2026 1130 2068 enim
1152 2021 1245 2069 hoc
1265 2022 1335 2068 illi
1357 2022 1516 2069 simile
1538 2026 1621 2080 sit,
1644 2039 1753 2070 esse

266 2091 388 2138 illud
420 2091 550 2138 huic.
622 2093 797 2149 Video,
831 2094 921 2140 sed
953 2093 1045 2140 hoc
1079 2094 1207 2150 dico,
1239 2111 1339 2140 non
1373 2095 1437 2141 ab
1469 2093 1753 2141 hominibus

268 2161 459 2209 formae
498 2163 710 2226 figuram
749 2168 942 2210 venisse
983 2165 1046 2211 ad
1084 2165 1239 2221 deos3
1296 2165 1346 2212 di
1383 2168 1518 2212 enim
1554 2158 1755 2228 semper

269 2231 491 2290 fuerunt,
521 2238 626 2280 nati
657 2251 934 2297 numquam
963 2242 1099 2291 sunt,
1128 2236 1376 2299 siquidem
1411 2239 1606 2283 aeterni
1637 2242 1756 2283 sunt

335 2352 352 2376 ¹
381 2366 438 2392 an
467 2354 709 2403 quicquam
742 2383 752 2393 .
785 2383 795 2394 .
827 2384 837 2394 .
869 2366 1116 2405 numquam
1146 2353 1338 2394 vidimus
1366 2366 1388 2394 e
1417 2357 1436 2402 §
1465 2356 1520 2395 97
1551 2355 1631 2395 huc
1659 2354 1754 2395 bene

275 2407 504 2446 transtulit
526 2407 669 2447 Ilude.

333 2460 348 2483 ²
375 2462 628 2512 argumenti
647 2460 707 2507 Λ,
732 2461 770 2500 L'
789 2478 798 2500 ε
832 2465 1094 2512 argumento
1117 2462 1218 2502 dett.

334 2513 350 2537 ³
382 2516 459 2566 qui
475 2514 744 2555 Sela-mann:
770 2515 877 2566 quid
897 2516 1015 2562 dett„
1032 2515 1151 2567 quod
1168 2517 1228 2564 A,
1242 2515 1281 2555 Β
1296 2514 1312 2567 (
1325 2533 1361 2549 --
1373 2514 1504 2568 quale
1516 2515 1755 2568 Plasbery).

275 2576 337 2624 86
