1919 3006
974 181 1226 229 CICERO

347 310 484 374 quod
511 309 751 357 iudicium
782 317 860 357 est
888 313 992 357 veri
1021 327 1135 357 cum
1164 313 1230 357 sit
1258 326 1525 357 commune
1553 307 1665 357 falsi
1688 309 1709 357 ?
1769 309 1848 357 Ex

346 390 421 438 his
450 390 536 438 illa
565 394 847 438 necessario
878 398 1001 438 nata
1031 399 1110 439 est
1139 392 1311 452 ἐποχή,
1340 392 1392 438 id
1430 398 1508 438 est
1539 391 1847 439 adsensionis

345 475 584 529 retentio,
607 476 660 519 in
683 489 784 536 qua
804 472 983 520 melius
1007 473 1100 520 sibi
1123 475 1352 520 constitit
1375 472 1642 529 Arcesilas,
1665 475 1706 519 si
1728 488 1848 519 vera

345 560 464 601 sunt
507 570 640 617 quae
682 554 747 601 de
791 553 1053 601 Carneade
1097 571 1199 601 non
1241 553 1363 600 nulli
1407 556 1717 601 existimant.
1794 552 1846 600 Si

347 637 482 681 enim
521 638 712 698 percipi
752 634 876 681 nihil
914 642 1088 698 potest
1128 635 1265 698 quod
1304 638 1508 698 utrique
1548 638 1710 682 visum
1751 641 1847 690 est,

346 715 601 763 tollendus
644 716 886 763 adsensus
930 723 1038 771 θεῖς
1082 717 1203 779 quid
1245 719 1379 763 enim
1417 723 1496 763 est
1530 723 1639 763 tam
1674 714 1847 762 futtile

347 813 500 860 quam
548 800 819 861 quicquam
868 798 1149 860 adprobare
1197 814 1299 844 non
1345 797 1649 861 cognitum?
1728 796 1847 843 Car-

345 879 563 925 neadem
596 886 771 926 autem
804 882 961 926 etiam
992 878 1102 926 heri
1135 879 1465 926 audiebamus
1499 878 1702 925 solitum
1736 894 1845 925 esse

346 966 426 1006 θο1
465 959 633 1007 delabi
670 961 930 1007 interdum
971 967 1029 1007 ut
1071 961 1265 1008 diceret
1301 964 1643 1023 opinaturum,
1679 959 1732 1007 id
1768 966 1847 1006 est

344 1049 691 1103 peccaturum,
730 1058 839 1089 esse
877 1045 1177 1105 sapientem.
1252 1041 1381 1088 Mihi
1418 1058 1565 1104 porro
1601 1058 1703 1088 non
1738 1048 1846 1088 tam

344 1129 541 1169 certum
577 1130 656 1170 θεῖ
693 1139 803 1170 θεεθ
841 1122 1029 1186 aliquid
1067 1123 1202 1187 quod
1237 1124 1530 1186 comprendi
1565 1125 1725 1186 possit
1760 1122 1846 1186 (de

344 1221 443 1267 quo
468 1207 570 1250 iam
596 1206 808 1252 nimium
834 1208 990 1251 etiam
1017 1205 1103 1252 diu
1129 1204 1353 1268 disputo)
1382 1221 1535 1268 quam
1560 1207 1845 1267 sapientem

345 1284 467 1331 nihil
493 1288 704 1349 opinari,
728 1286 782 1333 id
808 1293 887 1334 θεῖ
912 1303 1191 1349 numquam
1218 1287 1460 1334 adsentiri
1484 1288 1558 1333 rei
1583 1284 1664 1332 vel
1688 1283 1845 1332 falsae

269 1376 324 1417 60
343 1366 423 1414 vel
463 1370 769 1431 incognitae.
846 1367 1030 1415 Restat
1069 1367 1194 1415 illud
1235 1368 1371 1431 quod
1412 1368 1588 1414 dicunt
1628 1370 1732 1414 veri
1773 1370 1846 1413 in-

345 1449 584 1495 veniundi
626 1465 777 1496 causa
817 1456 995 1496 contra
1036 1452 1205 1495 omnia
1245 1449 1342 1496 dici
1383 1456 1619 1512 oportere
1661 1455 1716 1495 et
1755 1465 1845 1512 pro

345 1531 592 1577 omnibus.
655 1530 781 1577 Volo
808 1533 964 1594 igitur
983 1531 1155 1577 videre
1185 1531 1306 1594 quid
1332 1533 1633 1577 invenerint.
1700 1529 1711 1546 ‘
1732 1529 1847 1576 Non

346 1610 598 1668 solemus,'
634 1614 818 1675 inquit,
854 1611 864 1628 ‘
890 1611 1196 1659 ostendere.’
1264 1611 1275 1628 ⁴
1300 1611 1447 1671 Quae
1482 1618 1601 1659 sunt
1635 1611 1844 1658 tandem

345 1695 444 1740 ista
466 1696 728 1757 mysteria,
754 1701 844 1740 aut
867 1710 954 1740 cur
978 1693 1154 1740 celatis
1180 1696 1322 1757 quasi
1347 1700 1497 1756 turpe
1523 1692 1712 1756 aliquid
1735 1708 1847 1740 sen-

346 1777 565 1821 tentiam
580 1781 802 1821 vestram
825 1775 843 1821 ἲ
868 1773 880 1791 ’
927 1773 938 1792 ‘
965 1774 1039 1822 Ut
1055 1778 1140 1838 qui
1157 1774 1624 1838 audient,’inquit‚‘
1649 1777 1846 1821 ratione

346 1858 515 1918 potius
533 1872 685 1919 quam
706 1859 1012 1904 auctoritate
1033 1855 1317 1904 ducantur.’
1360 1856 1496 1915 Quid
1515 1859 1555 1902 si
1571 1860 1809 1919 utroque²
1827 1855 1847 1902 ?

348 1953 470 1983 num
515 1940 659 2000 peius
706 1938 826 1985 est?
906 1937 1080 1985 Unum
1125 1945 1302 1985 tamen
1346 1937 1469 1984 illud
1514 1954 1616 1984 non
1660 1936 1847 1993 celant,

347 2017 470 2064 nihil
503 2034 613 2065 esse
647 2019 783 2082 quod
814 2022 1005 2082 percipi
1037 2022 1211 2082 possit.
1278 2019 1363 2066 An
1393 2022 1446 2066 in
1479 2034 1539 2066 eo
1573 2021 1847 2065 auctoritas

348 2097 470 2146 nihil
509 2100 697 2147 obest?
771 2100 901 2146 Mihi
941 2101 1147 2164 quidem
1185 2101 1386 2148 videtur
1423 2099 1503 2146 vel
1539 2098 1849 2163 plurimum3

349 2183 460 2244 quis
491 2183 626 2227 enim
655 2183 754 2228 ista
783 2188 891 2228 tam
922 2189 1099 2245 aperte
1129 2184 1497 2245 perspicueque
1528 2187 1583 2228 et
1610 2195 1848 2244 perversa

846 2312 863 2337 ²
893 2325 945 2352 eo
966 2312 1154 2352 inseruit
1174 2311 1354 2352 Davies.

768 2365 786 2393 ¹
815 2370 1054 2418 utrumque
1075 2366 1198 2407 codd.
1216 2365 1424 2418 plurimi.

684 2537 704 2558 ⁸
732 2534 817 2582 i.e.‚
839 2547 867 2574 a
886 2535 1146 2586 suspension
1167 2534 1218 2574 of
1226 2533 1504 2587 judgement.

359 2599 452 2644 542
