1853 3001
855 164 1106 214 CICERO

239 299 323 346 An
349 305 408 346 tu
433 300 536 344 mei
563 297 777 345 similem
803 304 954 360 putas
984 313 1092 344 esse
1122 302 1211 343 aut
1238 299 1315 344 tui
1342 296 1496 344 deum
1521 296 1541 343 ?
1608 294 1726 344 Pro-

238 367 375 416 fecto
399 385 499 415 non
521 375 688 431 putas.

307 438 334 455 “
358 439 493 497 Quid
523 455 660 502 ergo,
693 438 850 485 solem
882 439 1046 486 dicam
1076 445 1166 486 aut
1193 437 1365 485 lunam
1405 444 1495 485 aut
1533 436 1730 484 caelum

242 510 395 557 deum
419 511 436 556 ?
520 510 655 573 Ergo
712 513 868 556 etiam
920 510 1132 556 beatum
1156 526 1167 556 ε
1239 509 1420 572 quibus
1475 506 1731 555 fruentem

241 579 627 642 voluptatibus?
696 587 750 627 et
801 583 1120 642 sapientem:
1178 582 1265 643 qui
1310 586 1483 642 potest
1530 594 1640 625 esse
1678 579 1732 624 in

243 653 349 697 eius
402 652 539 698 modi
589 658 768 698 trunco
822 651 1112 714 sapientia?
1180 650 1323 696 Haec
1374 656 1543 696 vestra
1594 653 1729 695 sunt.

164 725 219 768 85
242 719 292 766 Si
322 724 479 784 igitur
508 739 602 768 nec
632 720 854 768 humano
885 724 1010 778 viSU,
1042 721 1177 785 quod
1209 721 1371 776 docui,
1402 736 1496 766 nec
1526 718 1618 766 tali
1649 717 1736 765 ah‘-

244 807 361 853 quo,
384 793 520 853 quod
539 794 632 839 tibi
652 795 726 839 ita
745 809 1042 855 persuasum
1064 800 1159 848 est,
1180 792 1302 855 quid
1322 791 1524 838 dubitas
1545 805 1735 854 negare

245 861 366 908 deos
399 863 548 909 esse?
618 862 732 909 Non
763 864 934 910 audes.
1004 862 1271 925 Sapienter
1300 862 1353 909 id
1383 861 1608 925 quidem,
1639 861 1736 907 etsi

244 929 338 978 hoc
370 931 477 978 loco
507 950 608 980 non
639 933 883 996 populum
915 936 1101 980 metuis
1134 934 1225 980 sed
1255 936 1387 996 ipsos
1417 932 1574 979 deos:
1620 932 1736 978 novi

246 1017 341 1065 ego
371 1003 644 1065 Epicureos
671 1008 840 1051 omnia
868 1004 1029 1068 sigilla
1059 1009 1398 1059 venerantes,1
1425 1018 1736 1066 quamquam

246 1073 392 1119 video
421 1091 522 1120 non
551 1074 697 1121 nullis
727 1076 885 1122 videri
914 1076 1205 1138 Epicurum,
1235 1091 1299 1121 ne
1328 1077 1380 1120 in
1409 1073 1737 1120 offensionem

244 1142 636 1191 Atheniensium
660 1147 884 1202 caderet,
909 1147 1072 1192 verbis
1097 1146 1357 1209 reliquisse
1386 1145 1525 1201 deos,
1548 1159 1603 1190 re
1633 1159 1738 1190 sus-

245 1213 435 1261 tulisse.
506 1215 689 1279 Itaque
714 1220 766 1262 in
789 1216 882 1263 illis
909 1216 1107 1264 selectis
1138 1220 1243 1263 eius
1263 1216 1600 1278 brevibusque
1625 1230 1738 1261 sen-

245 1288 438 1341 tentiis,
464 1303 588 1349 quas
625 1287 890 1350 appellatis
928 1287 1090 1348 κυρίας
1127 1287 1280 1350 δόξας,
1308 1285 1434 1333 haec
1469 1293 1528 1333 ut
1563 1287 1739 1348 opinor

246 1359 410 1417 prima
450 1361 707 1404 sententia
744 1365 856 1404 est:
910 1357 920 1374 ‘
946 1358 1096 1416 Quod
1136 1359 1347 1405 beatum
1382 1364 1436 1404 et
1468 1354 1738 1403 inmortale

249 1433 344 1481 est,
377 1427 430 1473 id
462 1443 556 1473 nec
591 1426 749 1475 habet
785 1445 878 1475 nec
918 1428 1128 1475 exhibet
1163 1432 1399 1491 cuiquam
1434 1421 1738 1491 negotium.'

248 1495 438 1543 XXXI.
476 1497 538 1544 In
560 1496 655 1545 hac
678 1502 752 1545 ita
778 1503 1009 1562 exposita
1033 1502 1291 1546 sententia
1314 1504 1434 1546 sunt
1457 1501 1544 1561 qui
1569 1499 1742 1544 existi-

247 1574 409 1623 ment,
460 1569 596 1631 quod
645 1569 728 1616 ille
777 1573 977 1617 inscitia
1025 1570 1175 1633 plane
1234 1569 1473 1633 loquendi
1523 1567 1741 1624 fecerit,²

249 1635 427 1684 fecisse
475 1639 703 1687 consulto
727 1657 738 1696 ;
804 1641 868 1688 de
915 1640 1119 1688 homine
1165 1643 1373 1687 minime
1419 1637 1559 1686 vafro
1605 1637 1740 1685 male

172 1713 227 1753 86
251 1712 559 1757 existimant.
630 1711 856 1758 Dubium
893 1719 971 1759 est
1006 1715 1141 1758 enim
1176 1719 1347 1758 utrum
1381 1711 1518 1758 dicat
1552 1709 1741 1773 aliquid

249 1780 460 1827 beatum
502 1797 612 1829 esse
655 1789 708 1829 et
747 1783 1014 1829 inmortale
1052 1800 1132 1841 an,
1169 1785 1210 1829 si
1251 1782 1374 1846 quid
1413 1784 1497 1838 sit,
1536 1781 1590 1828 id
1631 1796 1742 1828 esse

250 1849 392 1898 tale.⁸
459 1852 574 1899 Non
611 1855 1024 1901 animadvertunt
1058 1853 1139 1900 hie
1177 1869 1294 1900 eum
1332 1853 1569 1916 ambigue
1605 1850 1741 1899 locu-

250 1927 362 1968 tum
383 1939 492 1970 esse
513 1925 603 1971 sed
621 1924 793 1971 multis
815 1925 920 1971 aliis
940 1925 1058 1971 locis
1080 1931 1133 1971 et
1151 1924 1292 1971 illum
1313 1930 1367 1970 et
1388 1923 1741 1970 Metrodorum

251 1998 359 2040 tam
385 2001 561 2056 aperte
587 2011 739 2058 quam
764 1995 915 2058 paulo
941 2002 1061 2041 ante
1085 2001 1155 2042 te.
1225 1993 1317 2041 Ille
1342 2010 1460 2040 vero
1485 1993 1606 2040 deos
1632 2009 1743 2041 esse

313 2122 331 2148 ²
359 2127 617 2164 venerantes
642 2123 905 2165 Blanutiusz
939 2128 1234 2164 numerantes.

314 2177 331 2201 ²
360 2178 511 2218 fecerit
547 2178 607 2225 A,
644 2178 713 2219 B:
750 2179 914 2220 fecerat
949 2192 1059 2219 corr.
1097 2179 1157 2224 A,
1196 2179 1329 2218 deta:
1383 2177 1524 2218 fecit?
1559 2175 1631 2228 (σί.
1669 2176 1745 2218 sed

257 2230 403 2271 reiecit
426 2231 665 2283 Plasbery).
1039 2233 1056 2257 ³
1086 2231 1174 2272 tale
1195 2230 1447 2283 Heindorf:
1485 2230 1685 2272 mortale.

316 2354 336 2374 ‘²
367 2349 585 2401 Epicurus
614 2349 822 2391 recorded
859 2349 927 2390 his
962 2349 1178 2402 principa]
1213 2352 1354 2390 tenets
1389 2349 1434 2389 in
1469 2361 1497 2388 a
1531 2349 1662 2389 series
1698 2347 1751 2390 of

257 2401 375 2444 brief
383 2403 554 2445 articles
564 2405 615 2444 of
621 2404 757 2444 belief
765 2404 907 2444 which
924 2404 979 2445 he
991 2403 1131 2444 called
1145 2408 1270 2454 κύριαι
1285 2406 1404 2451 δόξαι,
1414 2401 1745 2444 Authoritative

260 2456 492 2509 Opiniom.
551 2458 683 2510 Diog.
708 2458 759 2499 L.
780 2472 822 2499 x.
849 2461 941 2499 139.
1002 2458 1108 2498 This
1137 2471 1221 2498 one
1250 2469 1355 2497 runs
1381 2459 1429 2496 τὸ
1455 2459 1648 2509 μακάριον
1677 2458 1746 2498 καὶ

258 2514 462 2563 ἄφθαρτον
485 2515 574 2552 οὔτε
593 2515 690 2552 αὐτὸ
711 2515 932 2564 πράγματα,
951 2515 1037 2562 ἔχει
1059 2515 1148 2551 οὔτε
1168 2514 1281 2562 ἄλλῳ
1301 2512 1485 2563 παρέχει.

260 2579 323 2622 82
