1919 3006
978 184 1230 233 CICERO

358 315 571 361 discerni
594 331 694 361 non
715 317 906 377 poterit
928 331 958 361 a
977 313 1102 361 falso
1127 330 1138 371 3
1179 332 1278 378 quo
1299 315 1450 363 modo
1473 323 1645 363 autem
1666 318 1854 363 moveri

358 385 553 428 animus
579 382 643 429 ad
667 382 1017 445 adpetendum
1039 389 1213 445 potest
1235 386 1276 429 si
1298 383 1352 430 id
1374 383 1511 446 quod
1534 383 1734 430 videtur
1756 401 1857 431 non

358 452 634 512 percipitur
656 450 1161 496 accommodatumne
1184 457 1398 497 naturae
1420 453 1486 497 sit
1508 467 1574 497 an
1595 451 1816 498 alienum
1838 451 1856 496 ?

360 516 596 579 Itemque
619 520 657 563 si
681 517 803 580 quid
823 517 964 563 officii
990 520 1065 563 sui
1086 520 1152 564 sit
1173 534 1273 564 non
1295 520 1511 564 occurrit
1531 521 1716 574 animo,
1737 517 1859 564 nihil

361 601 603 646 umquam
654 587 858 631 omnino
911 591 1049 648 aget,
1102 584 1168 632 ad
1217 585 1407 631 nullam
1456 601 1566 632 rem
1616 601 1859 648 umquam

359 651 667 713 impelletur,
719 668 998 715 numquam
1048 653 1370 708 movebitur3
1440 652 1620 715 quodsi
1671 652 1860 716 aliquid

360 718 630 781 aliquando
661 726 864 766 acturus
895 726 990 775 est,
1020 735 1227 766 necesse
1259 726 1337 766 est
1364 719 1417 767 id
1447 723 1493 766 ei
1520 735 1697 766 verum
1725 719 1859 783 quod

286 795 336 833 26
359 789 574 833 occurrit
607 786 780 833 videri.
849 785 985 845 Quid
1018 787 1171 850 quod,
1205 791 1245 833 s'1
1277 790 1376 834 ista
1408 802 1528 833 vera
1560 793 1697 843 sunt,
1728 790 1860 833 ratio

358 856 518 899 omnis
554 853 749 900 tollitur
783 857 925 917 quasi
962 854 1215 917 quaedam
1249 853 1336 900 lux
1370 853 1646 917 lumenque
1680 854 1858 901 vitae?

358 927 602 967 tamenne
634 924 687 967 in
719 924 818 968 ista
849 925 1105 984 pravitate
1139 921 1474 984 perstabitis?
1541 921 1673 968 Nam
1706 937 1861 985 quae-

357 988 502 1035 rendi
537 991 739 1035 initium
773 991 904 1035 ratio
947 989 1140 1045 attulit,
1177 995 1329 1052 quae1
1365 987 1582 1051 perfecit
1616 991 1860 1036 virtutem

358 1071 472 1101 cum
497 1062 633 1102 esset
654 1059 764 1118 ipsa
784 1059 916 1103 ratio
938 1056 1237 1103 confirmata
1258 1056 1551 1120 quaerendo
1574 1071 1587 1112 ς
1628 1058 1860 1119 quaestio

360 1129 535 1169 autem
566 1129 645 1169 est
675 1123 924 1186 adpetitio
955 1127 1273 1187 cognitionis,
1304 1126 1718 1188 quaestionisque
1748 1123 1859 1169 finis

357 1192 583 1237 inventio
607 1205 618 1245 ;
663 1197 717 1237 at
741 1207 892 1237 nemo
915 1193 1112 1238 invenit
1135 1189 1280 1248 falsa,
1303 1207 1398 1238 nec
1423 1206 1486 1238 ea
1509 1206 1642 1254 quae
1665 1193 1861 1237 incerta

358 1264 662 1319 permanent
697 1260 907 1305 inventa
943 1274 1053 1306 esse
1087 1265 1318 1322 possunt,
1353 1258 1445 1306 sed
1479 1274 1595 1305 cum
1631 1274 1693 1305 ea
1727 1273 1860 1321 quae

360 1328 503 1387 quasi
550 1324 778 1372 involuta
823 1324 1034 1372 fuerunt
1082 1333 1261 1389 aperta
1308 1332 1444 1382 sunt,
1491 1332 1605 1373 tum
1650 1328 1860 1372 inventa

360 1392 732 1439 dicuntur—sic
776 1399 830 1439 et
871 1396 1073 1440 initium
1117 1394 1396 1457 quaerendi
1439 1399 1494 1440 et
1538 1395 1704 1440 exitus
1747 1408 1861 1455 per-

359 1460 581 1521 cipiundi
607 1466 661 1507 et
689 1461 1086 1523 comprendendi
1115 1467 1338 1508 tenetur.
1406 1461 1713 1524 Argumenti
1745 1476 1861 1506 con-

359 1527 530 1583 clusio,
551 1543 683 1590 quae
704 1534 784 1574 est
803 1528 998 1575 Graece
1018 1528 1271 1591 ἀπόδειξις,
1289 1531 1364 1575 ita
1387 1527 1628 1575 definitur
1651 1543 1663 1574 ε
1700 1526 1709 1543 ‘
1729 1529 1860 1574 ratio

361 1610 494 1656 quae
529 1611 592 1641 ex
626 1595 777 1642 rebus
813 1598 1068 1658 perceptis
1106 1595 1171 1643 ad
1205 1596 1257 1643 id
1298 1595 1435 1659 quod
1469 1611 1572 1642 non
1615 1597 1860 1658 percipie-

359 1662 510 1708 batur
535 1661 775 1709 adducit.'

283 1737 335 1776 27
423 1728 512 1774 ΙΧ.
550 1728 578 1744 “
604 1729 796 1788 Quodsi
830 1733 999 1776 omnia
1029 1732 1134 1776 visa
1171 1732 1277 1777 eius
1312 1728 1451 1777 modi
1487 1734 1660 1776 essent
1689 1727 1860 1792 qualia

359 1798 443 1842 isti
480 1796 672 1852 dicunt,
709 1803 768 1843 ut
806 1813 867 1844 ea
902 1797 983 1844 vel
1023 1795 1150 1843 falsa
1191 1813 1302 1844 esse
1343 1803 1553 1860 possent
1592 1811 1761 1859 neque
1798 1811 1859 1842 ea

359 1870 534 1926 posset
570 1864 671 1910 ulla
707 1867 847 1911 notio
885 1865 1188 1921 discernere,
1226 1880 1327 1928 quo
1361 1864 1513 1912 modo
1550 1879 1859 1927 quemquam

361 1938 452 1977 aut
475 1931 775 1978 conclusisse
809 1932 998 1995 aliquid
1035 1938 1125 1979 aut
1159 1934 1410 1979 invenisse
1445 1931 1746 1986 diceremus,
1771 1936 1861 1976 aut

361 2014 493 2060 quae
531 2006 667 2046 esset
704 1999 922 2046 conclusi
960 2002 1249 2063 argumenti
1291 1998 1454 2046 fides?
1532 1998 1650 2061 Ipsa
1686 2003 1860 2045 autem

359 2065 693 2129 philosophia,
731 2083 864 2130 quae
901 2067 1182 2114 rationibus
1219 2066 1457 2130 progredi
1495 2066 1671 2122 debet,
1708 2081 1859 2129 quem

631 2177 647 2200 1
676 2175 798 2228 quod
819 2175 1219 2228 (=quaerendum‚
1241 2174 1460 2228 quaestio)
1481 2175 1580 2217 ?ed.

420 2291 438 2310 ‘¹
469 2286 620 2326 Cicero
643 2299 782 2327 seems
805 2291 851 2327 to
873 2286 929 2327 be
951 2286 1217 2338 translating
1238 2299 1360 2326 some
1383 2285 1490 2325 such
1518 2284 1678 2337 phrase
1699 2297 1747 2324 as
1777 2287 1857 2334 φζς

366 2344 431 2380 καὶ
453 2344 606 2390 φέγγος
627 2345 694 2380 τοῦ
715 2344 818 2391 βίου.

424 2394 439 2418 ²³
471 2395 563 2434 The
581 2408 705 2435 sense
723 2408 863 2435 seems
883 2398 928 2433 to
948 2396 1121 2446 require
1135 2394 1144 2410 ‘
1166 2393 1365 2434 research
1389 2392 1531 2433 which
1547 2392 1582 2433 ἐ
1606 2391 1676 2433 for
1697 2392 1856 2439 virtus,

364 2461 413 2487 or
443 2450 495 2487 its
527 2448 646 2489 Stoic
675 2448 926 2500 equivalcnt
956 2449 1190 2499 sapientia,
1216 2461 1265 2488 as
1291 2448 1407 2488 ratio
1429 2446 1625 2499 perfecta
1648 2446 1705 2497 cs.
1734 2447 1759 2486 i.
1783 2448 1855 2494 20,

366 2503 408 2542 ii.
430 2502 581 2553 Sosin.

430 2561 444 2578 ⁰
476 2555 687 2596 Involuta
707 2557 882 2608 aperire
902 2557 937 2596 is
957 2569 984 2596 a
999 2554 1261 2596 translation
1277 2555 1328 2595 of
1343 2557 1624 2602 ἐκκαλύπτειν,
1640 2552 1853 2605 denoting

364 2625 459 2665 500
