1853 3001
871 169 1122 219 CICERO

259 310 379 351 sunt
438 304 490 348 in
550 300 730 347 nobis?
802 317 868 346 an
930 303 1097 347 omnia
1156 299 1430 346 emendata
1488 301 1542 346 in
1603 297 1740 344 illis?

256 382 422 428 Detur
444 381 497 427 id
523 380 661 426 vobis
687 394 698 434 3
723 395 845 424 num
877 380 1032 424 etiam
1057 394 1157 424 una
1183 384 1261 424 est
1286 380 1510 424 omnium
1543 375 1697 422 facies
1720 374 1739 421 ?

253 480 371 510 nam
405 464 444 508 si
478 460 666 524 plures,
704 459 854 505 aliam
889 475 998 506 esse
1035 458 1132 504 alia
1163 458 1498 522 pulchriorem
1532 472 1738 504 necesse

254 551 362 591 est:
398 545 554 606 igitur
588 541 765 604 aliquis
799 557 899 587 non
928 539 1292 603 pulcherrimus
1326 540 1465 587 deus.
1541 538 1610 586 Si1
1640 555 1741 585 una

252 628 477 673 omnium
528 622 682 669 facies
736 629 831 678 est,
884 621 1061 668 florere
1113 625 1164 668 in
1221 621 1359 668 caelo
1412 622 1742 668 Academiam

252 722 459 754 necesse
503 711 615 751 est:
670 707 710 751 si
759 706 894 750 enim
941 703 1064 749 nihil
1109 706 1244 750 inter
1290 704 1443 751 deum
1491 709 1545 750 et
1589 702 1742 749 deum

253 787 438 843 differt,
464 786 601 833 nulla
627 793 705 832 est
731 786 866 847 apud
891 786 1011 832 deos
1038 789 1275 848 cognitio,
1298 784 1435 831 nulla
1456 786 1732 847 perceptio.

175 878 227 918 81
320 868 507 927 “Quid
542 870 582 914 si
620 869 793 922 etiam,
830 865 1008 922 Vellei,
1033 865 1215 913 falsum
1251 866 1374 913 illud
1409 869 1611 913 omnino
1649 871 1746 920 est,

254 950 443 997 nullam
492 948 641 994 aliam
688 948 830 993 nobis
879 947 943 994 de
991 947 1087 994 deo
1135 949 1476 1011 cogitantibus
1523 949 1744 1010 speciem

254 1035 349 1079 nisi
381 1030 595 1077 hominis
629 1029 931 1076 occurrere?
982 1035 1224 1075 tamenne
1257 1033 1355 1076 ista
1387 1036 1495 1076 tam
1529 1029 1746 1076 absurda

256 1111 542 1161 defendes?
611 1110 766 1157 Nobis
803 1108 1017 1156 fortasse
1054 1113 1123 1157 sic
1160 1113 1375 1157 occurrit
1410 1117 1469 1157 ut
1505 1111 1662 1167 dicis;
1717 1126 1747 1157 a

256 1196 420 1258 parvis
447 1195 603 1239 enim2
632 1191 805 1237 Iovem
842 1190 1089 1238 Iunonem
1128 1191 1413 1238 Minervam
1450 1191 1747 1255 Neptunum

255 1275 535 1321 Vulcanum
580 1272 869 1335 Apollinem
911 1272 1129 1335 reliquos
1173 1273 1293 1320 deos
1338 1290 1399 1320 ea
1439 1272 1568 1320 facie
1611 1276 1748 1320 novi-

255 1373 366 1404 mus
393 1372 493 1418 qua
516 1357 733 1417 pictores
761 1353 1061 1417 fictoresque
1086 1353 1371 1411 voluerunt,
1396 1371 1563 1419 neque
1587 1354 1748 1402 solum

254 1437 384 1485 facie
435 1436 526 1483 sed
577 1439 733 1482 etiam
784 1442 965 1482 ornatu
1013 1443 1187 1482 aetate
1239 1439 1441 1483 vestitu.
1525 1436 1600 1483 At
1649 1453 1750 1483 non

257 1520 503 1582 Aegyptii
522 1533 615 1563 nec
635 1516 746 1580 Syri
765 1533 858 1563 nec
877 1515 984 1563 fere
1004 1524 1186 1564 cuncta
1203 1518 1436 1564 barbaria
1458 1533 1470 1574 ;
1507 1517 1749 1565 firmiores

257 1604 392 1648 enim
443 1600 613 1646 videas
665 1599 801 1661 apud
853 1614 936 1645 eos
988 1601 1247 1661 opiniones
1299 1615 1408 1646 esse
1459 1599 1523 1646 de
1573 1600 1748 1646 bestiis

258 1682 561 1746 quibusdam
598 1697 750 1742 quam
789 1680 924 1742 apud
960 1697 1048 1726 nos
1085 1681 1149 1727 de
1189 1684 1511 1728 sanctissimis
1547 1680 1750 1744 templis

179 1771 233 1813 82
259 1771 312 1810 et
341 1762 613 1810 simulacris
651 1762 876 1808 deorum.
945 1761 1151 1807 Etenim
1187 1761 1306 1808 fana
1341 1762 1502 1808 multa
1537 1762 1752 1825 spoliata

260 1853 314 1892 et
360 1843 623 1891 simulacra
671 1843 880 1890 deorum
929 1842 992 1889 de
1040 1842 1158 1889 locis
1208 1846 1530 1890 sanctissimis
1581 1843 1752 1890 ablata

259 1926 493 1972 vidimus3
520 1941 550 1970 a
574 1926 773 1979 nostris,
802 1931 855 1970 at
880 1939 997 1970 vero
1022 1939 1086 1969 ne
1111 1922 1264 1971 fando
1291 1925 1496 1987 quidem
1521 1926 1751 1972 auditum

261 2014 339 2053 est
388 2005 690 2052 crocodilum
740 2011 829 2051 aut
875 2005 981 2051 ibin
1030 2012 1119 2051 aut
1167 2003 1351 2052 faelem
1400 2005 1640 2052 violatum
1688 2006 1753 2052 ab

262 2089 535 2151 Aegyptio.
606 2085 742 2144 Quid
776 2088 932 2149 igitur
967 2086 1182 2132 censes?
1249 2087 1404 2149 Apim
1437 2086 1578 2133 illum
1614 2103 1753 2133 sanc-

263 2175 375 2215 tum
441 2169 816 2230 Aegyptiorum
883 2167 1064 2212 bovem
1130 2184 1297 2214 nonne
1363 2168 1516 2214 deum
1596 2168 1753 2214 videri

263 2249 574 2312 Aegyptiis?
642 2248 768 2293 Tam
811 2246 978 2293 hercle
1022 2264 1175 2310 quam
1217 2249 1311 2295 tibi
1353 2248 1490 2294 illam
1533 2255 1752 2295 vestram

263 2329 532 2392 Sospitam.
602 2327 768 2386 Quam
793 2335 850 2374 tu
874 2345 1152 2392 numquam
1176 2345 1240 2376 ne
1262 2331 1315 2375 in
1338 2332 1523 2376 somnis
1548 2330 1754 2393 quidem

327 2456 344 2483 ²
373 2459 439 2498 sin
469 2458 489 2497 ?
507 2457 572 2498 ed.
836 2455 853 2480 ¹
883 2468 910 2495 a
929 2457 1075 2507 parvis
1095 2458 1213 2496 enim
1236 2456 1393 2497 Klotz:
1426 2457 1698 2510 apparuisse.

663 2509 682 2536 ⁸
711 2508 901 2550 vidimus
923 2509 1141 2551 Bouhier=
1173 2509 1386 2552 videmus.

276 2578 338 2626 78
