1919 3006
247 1854 299 1893 98

959 166 1212 215 CICERO

336 293 558 341 elusione
605 292 809 341 differt:
864 293 875 310 ‘
899 293 949 340 Si
995 297 1243 350 mentiris,
1288 297 1554 351 mentiris3
1607 298 1834 344 mentiris

336 370 546 417 autem;
594 365 823 408 mentiris
853 365 1009 425 igitur
1033 362 1042 377 '
1068 364 1086 409 ?
1151 363 1261 409 Hoc
1291 379 1449 426 negas
1479 371 1534 409 te
1564 379 1711 425 posse
1742 380 1836 410 nec

336 430 616 492 adprobare
653 445 747 475 nec
783 430 1105 492 improbare3
1159 433 1246 493 qui
1281 432 1438 494 igitur
1472 433 1634 494 magis
1670 430 1835 478 illud?

336 500 377 543 si
420 513 515 552 ars,
557 499 597 543 si
638 499 785 553 ratio,
827 499 868 544 si
909 499 1005 552 via,
1047 499 1088 543 si
1129 500 1201 544 vis
1243 496 1464 560 denique
1505 496 1834 544 conclusionis

337 563 488 619 valet,
532 563 712 610 eadem
754 570 833 610 est
871 566 924 610 in
963 571 1196 627 utroque.
1271 563 1373 611 Sed
1411 563 1506 611 hoc
1546 571 1834 612 extremum

337 648 510 677 eorum
541 639 646 677 est:
679 630 941 693 postulant
972 639 1029 678 ut
1062 634 1380 694 excipiantur
1407 631 1534 678 haec
1561 631 1835 695 inexplica-

335 698 467 745 bilia.
521 698 801 744 Tribunum
821 698 1042 762 aliquem
1063 715 1244 745 censeo
1268 699 1508 746 videant:
1534 715 1564 745 a
1581 715 1664 746 me
1682 703 1834 746 istam

336 769 691 827 exceptionem
727 783 1005 829 numquam
1040 767 1406 828 impetrabunt.
1475 767 1684 813 Etenim
1718 784 1834 814 cum

335 834 398 879 ab
433 833 668 895 Epicuro,
704 836 791 896 qui
823 840 989 880 totam
1023 833 1341 880 dialecticam
1375 840 1430 881 et
1463 837 1745 881 contemnit
1779 841 1834 882 et

331 900 535 956 inridet,
563 917 664 947 non
689 903 970 963 impetrent
996 908 1054 948 ut
1081 917 1257 947 verum
1285 917 1395 948 esse
1423 901 1669 948 concedat
1696 901 1833 964 quod

331 971 406 1014 ita
442 967 722 1023 effabimur,
755 968 765 984 ‘
786 970 895 1015 Aut
926 972 1063 1016 vivet
1094 985 1202 1016 cras
1234 967 1576 1015 Hermarchus
1609 976 1698 1015 aut
1730 985 1832 1016 non

333 1035 501 1091 vivet,'
544 1052 659 1082 cum
700 1035 950 1082 dialectici
991 1039 1060 1082 sic
1100 1043 1349 1091 statuant,
1391 1052 1542 1083 omne
1581 1036 1719 1099 quod
1757 1039 1832 1083 ita

331 1103 637 1149 disiunctum
665 1106 731 1149 sit
759 1107 901 1166 quasi
931 1103 939 1118 ‘
967 1110 1055 1150 aut
1085 1107 1241 1150 etiam
1270 1111 1360 1150 aut
1387 1120 1489 1150 non
1511 1102 1522 1119 '
1552 1120 1652 1150 non
1679 1103 1830 1150 modo

330 1186 503 1217 verum
544 1186 654 1217 esse
693 1171 784 1217 sed
824 1174 980 1217 etiam
1019 1174 1376 1226 necessarium,
1416 1171 1531 1218 vide
1570 1187 1724 1233 quam
1763 1174 1830 1218 sit

329 1244 526 1284 cautus1
569 1241 610 1284 is
653 1254 806 1300 quem
846 1241 930 1284 isti
972 1239 1195 1284 tardum2
1244 1245 1463 1300 putant3
1524 1239 1534 1254 ⁸
1559 1237 1610 1284 Si
1657 1237 1827 1294 enim,'

328 1308 510 1368 inquit,
565 1304 575 1320 ‘
601 1304 904 1351 alterutrum
959 1322 1251 1352 concessero
1305 1308 1643 1352 necessarium
1699 1322 1826 1361 esse,

328 1388 534 1419 necesse
574 1375 671 1418 erit
708 1389 816 1419 cras
855 1372 1225 1419 Hermarchum
1265 1380 1355 1419 aut
1392 1376 1558 1419 vivere
1599 1380 1687 1419 aut
1726 1389 1826 1419 non

328 1443 531 1494 vivere3
602 1439 739 1486 nulla
792 1447 966 1486 autern
1021 1448 1100 1487 est
1151 1444 1203 1486 in
1254 1447 1439 1486 natura
1489 1456 1658 1486 rerum
1711 1439 1825 1486 talis

327 1506 635 1554 necessitas.’
707 1507 836 1553 Cum
874 1506 968 1554 hoc
1005 1511 1161 1571 igitur
1198 1507 1448 1554 dialectici
1484 1514 1735 1570 pugnent,
1771 1507 1825 1554 id

328 1582 407 1621 est
446 1573 728 1621 Antiochus
769 1582 824 1621 et
864 1574 1053 1630 Stoici;
1111 1582 1273 1621 totam
1318 1578 1452 1621 enim
1493 1578 1679 1621 evertit
1718 1575 1823 1621 dia-

325 1641 575 1697 lecticam,
616 1658 735 1688 nam
781 1645 821 1689 si
863 1658 891 1688 e
933 1646 1193 1689 contrariis
1235 1643 1822 1689 disiunctio—contraria

331 1716 504 1755 autem
535 1725 596 1755 ea
620 1709 748 1765 dico,
773 1726 887 1756 cum
918 1708 1134 1756 alterum
1163 1712 1284 1765 aiat,
1310 1709 1526 1755 alterum
1553 1711 1820 1772 neget—si

325 1776 440 1823 talis
486 1776 752 1823 disiunctio
798 1775 925 1822 falsa
969 1784 1142 1838 potest
1188 1792 1315 1832 esse,
1361 1775 1499 1823 nulla
1542 1792 1662 1823 vera
1707 1783 1819 1832 est;

326 1860 525 1890 mecum
553 1859 670 1890 vero
700 1844 821 1906 quid
857 1843 1050 1890 habent
1086 1843 1268 1899 litium,
1297 1847 1382 1907 qui
1418 1847 1640 1906 ipsorum
1675 1844 1819 1890 disci·

326 1911 514 1973 plinam
547 1912 766 1974 sequor?
837 1911 965 1957 Cum
995 1911 1185 1974 aliquid
1213 1910 1360 1958 huius
1387 1911 1524 1958 modi
1553 1910 1816 1966 inciderat,

324 1982 394 2025 sic
434 1977 609 2025 ludere
653 1978 941 2025 Carneades
984 1978 1216 2025 solebat:
1277 1977 1358 2025 ‘Si
1399 1985 1539 2025 recte
1582 1977 1817 2033 conclusi,

706 2096 721 2120 ¹
750 2100 876 2137 catus
896 2096 1159 2137 Lambinus:
1182 2099 1339 2136 acutus
1357 2095 1487 2137 Reid.

863 2150 879 2174 ²
908 2150 1100 2190 bardum
1121 2153 1140 2187 Ρ
1159 2149 1288 2190 Reid.

382 2261 401 2281 ‘³
431 2256 482 2296 ln
505 2256 603 2296 civil
627 2259 735 2296 suits
761 2256 833 2295 the
854 2260 1030 2307 praetor
1050 2254 1126 2296 did
1150 2261 1227 2296 not
1248 2259 1316 2307 try
1339 2255 1414 2295 the
1433 2255 1547 2296 facts
1567 2255 1650 2296 but
1667 2254 1816 2296 issued

324 2323 384 2350 an
408 2311 669 2350 instruction
696 2314 742 2350 to
769 2322 826 2349 an
855 2309 1035 2350 inferior
1060 2313 1188 2350 court
1215 2315 1259 2349 to
1285 2312 1381 2350 cast
1407 2310 1480 2350 the
1507 2307 1750 2350 defendant
1775 2307 1819 2362 if

324 2366 488 2404 certain
512 2363 624 2404 facts
647 2376 758 2404 were
779 2363 960 2415 proved,
982 2362 1070 2403 and
1093 2365 1345 2403 sometimes
1366 2362 1459 2404 also
1480 2363 1628 2404 unless
1648 2364 1812 2404 certain

324 2418 450 2458 other
471 2418 586 2458 facts
612 2431 724 2458 were
750 2417 912 2469 proved
933 2433 944 2458 t
989 2417 1061 2458 the
1086 2416 1216 2458 latter
1238 2416 1387 2458 clause
1412 2429 1502 2457 was
1528 2430 1584 2456 an
1611 2417 1814 2469 eoeceptio.

330 2473 372 2511 Μ’
400 2472 471 2512 the
500 2475 676 2524 praetor
704 2471 878 2512 refused
911 2475 956 2512 to
984 2475 1118 2524 grant
1146 2484 1203 2511 an
1235 2471 1438 2523 exceptio,
1468 2471 1543 2511 the
1572 2470 1815 2512 defendant

328 2526 470 2577 might
491 2525 653 2579 appeal
677 2528 723 2567 to
745 2538 773 2566 a
798 2525 988 2573 tribune.
1014 2525 1112 2566 who
1134 2524 1266 2566 could
1290 2537 1475 2578 procure
1498 2525 1573 2565 the
1594 2528 1729 2578 grant
1751 2524 1812 2578 by

324 2597 419 2643 590
