1919 3006
969 174 1221 223 CICERO

349 307 590 353 adsensus
614 320 625 350 z
674 302 797 350 nihil
828 306 1017 350 sentire
1050 310 1129 350 est
1158 302 1336 350 melius
1369 320 1522 368 quam
1552 311 1661 352 tam
1689 321 1844 369 prava

243 399 323 440 126
347 385 569 435 sentire!
596 384 606 401 ⁹
680 384 796 431 Non
837 400 957 448 ergo
997 384 1050 431 id
1091 387 1259 448 agitur
1298 391 1357 432 ut
1398 384 1588 449 aliquid
1627 386 1844 434 adsensu

346 485 461 516 meo
514 467 856 529 comprobem,
910 465 1065 528 quod1
1119 472 1177 513 tu
1235 465 1350 513 vide
1402 482 1468 514 ne
1519 468 1845 530 impudenter

347 553 504 598 etiam
546 547 788 611 postules,
831 564 933 594 non
975 546 1135 594 solum
1179 548 1502 611 adroganter,
1543 552 1844 612 praesertim

346 648 461 679 cum
492 634 592 677 ista
621 636 713 676 tua
742 627 865 674 mihi
896 644 961 674 ne
992 628 1273 691 probabilia
1304 629 1511 692 quidem
1542 630 1846 687 videantur;

345 729 439 761 nec
485 714 619 758 enim
663 711 1027 757 divinationem
1072 726 1225 773 quam
1267 711 1493 773 probatis
1536 710 1691 758 ullam
1735 728 1846 759 esse

346 795 578 848 arbitror,
614 790 882 854 fatumque
918 790 1044 838 illud
1080 797 1210 837 esse2
1248 808 1348 854 quo
1390 795 1559 838 omnia
1599 796 1845 840 contineri

345 877 510 924 dicitis
560 880 963 920 contemno—ne
1015 872 1407 919 exaedificatum
1457 874 1664 936 quidem
1711 873 1846 921 hunc

344 956 592 1005 mundum
625 955 792 1002 divino
826 953 1029 1000 consilio
1065 957 1335 1009 existim03
1388 961 1543 1017 atque
1575 954 1714 1002 haud
1745 959 1846 1003 scio

345 1056 410 1086 an
431 1041 505 1084 ita
527 1039 606 1084 sit.
662 1034 800 1082 XLI.
844 1033 946 1082 Sed
967 1052 1054 1081 cur
1075 1037 1242 1097 rapior
1263 1038 1316 1081 in
1336 1036 1577 1083 invidiam
1600 1036 1619 1083 ?
1659 1036 1846 1084 licetne

344 1137 435 1184 per
465 1135 551 1165 vos
581 1120 774 1164 nescire
806 1117 942 1180 quod
971 1119 1139 1163 nescio
1163 1117 1181 1162 ?
1245 1117 1329 1163 An
1358 1115 1536 1164 Stoicis
1565 1120 1684 1180 ipsis
1713 1121 1848 1165 inter

346 1218 399 1249 se
420 1202 723 1262 disceptare,
743 1215 858 1245 curn
876 1201 934 1245 iis
954 1205 1073 1245 non³
1099 1197 1273 1245 licebit
1291 1198 1309 1244 ?
1361 1198 1551 1245 Zenoni
1571 1206 1625 1246 et
1641 1198 1847 1263 reliquis

345 1283 453 1331 fere
502 1281 682 1328 Stoicis
732 1279 910 1326 aether
957 1280 1159 1326 videtur
1207 1296 1431 1327 summus
1480 1280 1622 1337 deus,
1670 1288 1846 1328 mente

344 1364 605 1429 praeditus
638 1378 739 1426 qua
770 1364 939 1408 omnia
968 1368 1229 1425 regantur,
1262 1360 1553 1418 Cleanthes,
1586 1365 1671 1426 qui
1703 1365 1845 1426 quasi

342 1450 590 1494 maiorum
615 1451 693 1491 est
715 1446 947 1508 gentium
971 1442 1185 1499 Stoicus,
1208 1442 1424 1490 Zenonis
1448 1443 1664 1500 auditor,
1688 1443 1845 1491 solem

343 1529 590 1575 dominari
619 1533 672 1572 et
698 1541 867 1572 rerum
894 1527 1045 1587 potiri
1071 1531 1224 1587 putat
1246 1540 1259 1580 3
1302 1527 1378 1572 ita
1403 1527 1629 1589 cogimur
1655 1525 1844 1573 dissen-

343 1613 482 1657 sione
508 1610 815 1670 sapientium
841 1607 1101 1653 dominum
1126 1613 1355 1653 nostrum
1378 1609 1629 1670 ignorare,
1655 1610 1844 1670 quippe

342 1694 428 1754 qui
450 1692 732 1736 nesciamus
755 1687 844 1734 soli
868 1704 932 1734 an
955 1686 1151 1734 aetheri
1175 1691 1464 1734 serviamus.
1521 1686 1646 1734 Solis
1670 1695 1843 1735 autem

339 1771 923 1836 magnitudinem—ipse
961 1771 1096 1815 enim
1131 1767 1211 1815 hic
1257 1769 1482 1816 radiatus
1527 1785 1611 1815 me
1656 1772 1842 1816 intueri

341 1854 559 1908 videtur,
594 1851 872 1898 admonens
905 1856 964 1897 ut
997 1851 1172 1897 crebro
1205 1848 1388 1896 faciam
1420 1852 1735 1897 mentionem
1767 1854 1842 1898 sui

339 1951 491 1981 —vos
536 1949 657 1997 ergo
699 1931 847 1978 huius
890 1931 1299 1995 magnitudinem
1343 1933 1486 1994 quasi
1529 1931 1842 1994 decempeda

339 2018 595 2081 permensi
639 2012 858 2069 refertis,
907 2029 1001 2077 ego
1046 2028 1130 2059 me
1176 2015 1318 2075 quasi
1362 2011 1507 2059 malis
1553 2010 1841 2060 architectis

338 2111 607 2145 mensurae
647 2102 847 2142 vestrae
887 2110 1019 2158 nego
1059 2094 1301 2141 credere:
1359 2093 1569 2140 dubium
1608 2099 1688 2140 est
1725 2100 1839 2140 uter

339 2185 567 2226 nostrum
624 2175 962 2224 sit—leviter
1025 2182 1084 2222 ut
1134 2174 1835 2222 dicam—inverecundior4?

233 2271 310 2311 127
337 2259 444 2307 Nec
495 2265 671 2305 tamen
729 2261 852 2304 istas
905 2259 1229 2320 quaestiones
1287 2254 1609 2320 physicorum
1666 2262 1831 2303 exter-

751 2368 767 2394 ¹
797 2367 919 2446 quqd
939 2368 1131 2408 Davies:
1164 2380 1279 2430 quae
1298 2367 1423 2410 codd.

830 2477 845 2501 ³
877 2420 1346 2520 ngrsisgnoonbisgssrssetid.

666 2532 684 2558 ⁴
717 2531 1050 2582 Morqemtern:
1082 2528 1369 2571 verecundior
1387 2528 1512 2571 codd.

334 2598 434 2648 630
