<?xml version="1.0" encoding="UTF-8"?>
<!DOCTYPE html PUBLIC "-//W3C//DTD XHTML 1.0 Transitional//EN"
    "http://www.w3.org/TR/xhtml1/DTD/xhtml1-transitional.dtd">
<html xmlns="http://www.w3.org/1999/xhtml" xml:lang="en" lang="en">
 <head>
  <title>
</title>
<meta http-equiv="Content-Type" content="text/html;charset=utf-8" />
  <meta name='ocr-system' content='tesseract 3.04.00' />
  <meta name='ocr-capabilities' content='ocr_page ocr_carea ocr_par ocr_line ocrx_word'/>
</head>
<body>
  <div class='ocr_page' id='page_1' title='image "./denaturadeorumac00ciceuoft_0290.png"; bbox 0 0 1919 3006; ppageno 0'>
   <div class='ocr_carea' id='block_1_1' title="bbox 936 167 1186 215">
    <p class='ocr_par' dir='ltr' id='par_1_1' title="bbox 936 167 1186 215">
     <span class='ocr_line' id='line_1_1' title="bbox 936 167 1186 215; baseline -0.004 0"><span class='ocrx_word' id='word_1_1' title='bbox 936 167 1186 215; x_wconf 87' lang='lat' dir='ltr'>CICERO</span> 
     </span>
    </p>
   </div>
   <div class='ocr_carea' id='block_1_2' title="bbox 220 296 1821 2373">
    <p class='ocr_par' dir='ltr' id='par_1_2' title="bbox 317 296 1814 903">
     <span class='ocr_line' id='line_1_2' title="bbox 317 296 1807 361; baseline 0 -17"><span class='ocrx_word' id='word_1_2' title='bbox 317 301 452 345; x_wconf 88' lang='lat' dir='ltr'>enim</span> <span class='ocrx_word' id='word_1_3' title='bbox 483 315 545 344; x_wconf 76' lang='lat' dir='ltr'>ex</span> <span class='ocrx_word' id='word_1_4' title='bbox 574 306 711 345; x_wconf 86' lang='lat' dir='ltr'>terra</span> <span class='ocrx_word' id='word_1_5' title='bbox 737 296 965 345; x_wconf 89' lang='lat' dir='ltr'>homines</span> <span class='ocrx_word' id='word_1_6' title='bbox 994 315 1095 344; x_wconf 90' lang='lat' dir='ltr'>non</span> <span class='ocrx_word' id='word_1_7' title='bbox 1122 304 1181 344; x_wconf 92' lang='lat' dir='ltr'>ut</span> <span class='ocrx_word' id='word_1_8' title='bbox 1207 296 1400 344; x_wconf 83' lang='lat' dir='ltr'>incolae</span> <span class='ocrx_word' id='word_1_9' title='bbox 1429 303 1585 361; x_wconf 89' lang='lat' dir='ltr'>atque</span> <span class='ocrx_word' id='word_1_10' title='bbox 1611 296 1807 345; x_wconf 86' lang='lat' dir='ltr'>habita-</span> 
     </span>
     <span class='ocr_line' id='line_1_3' title="bbox 319 376 1808 439; baseline 0 -17"><span class='ocrx_word' id='word_1_11' title='bbox 319 381 454 422; x_wconf 81' lang='lat' dir='ltr'>tores</span> <span class='ocrx_word' id='word_1_12' title='bbox 486 376 576 423; x_wconf 91' lang='lat' dir='ltr'>sed</span> <span class='ocrx_word' id='word_1_13' title='bbox 608 379 750 439; x_wconf 83' lang='lat' dir='ltr'>quasi</span> <span class='ocrx_word' id='word_1_14' title='bbox 781 382 1093 438; x_wconf 79' lang='lat' dir='ltr'>spectatores</span> <span class='ocrx_word' id='word_1_15' title='bbox 1126 392 1421 438; x_wconf 87' lang='lat' dir='ltr'>superarum</span> <span class='ocrx_word' id='word_1_16' title='bbox 1450 390 1621 422; x_wconf 87' lang='lat' dir='ltr'>rerum</span> <span class='ocrx_word' id='word_1_17' title='bbox 1652 382 1808 439; x_wconf 90' lang='lat' dir='ltr'>atque</span> 
     </span>
     <span class='ocr_line' id='line_1_4' title="bbox 319 451 1809 516; baseline 0.001 -17"><span class='ocrx_word' id='word_1_18' title='bbox 319 453 631 509; x_wconf 85' lang='lat' dir='ltr'>caelestium,</span> <span class='ocrx_word' id='word_1_19' title='bbox 677 469 890 516; x_wconf 93' lang='lat' dir='ltr'>quarum</span> <span class='ocrx_word' id='word_1_20' title='bbox 935 452 1280 515; x_wconf 81' lang='lat' dir='ltr'>spectaculum</span> <span class='ocrx_word' id='word_1_21' title='bbox 1325 453 1391 500; x_wconf 91' lang='lat' dir='ltr'>ad</span> <span class='ocrx_word' id='word_1_22' title='bbox 1434 451 1628 499; x_wconf 92' lang='lat' dir='ltr'>nullum</span> <span class='ocrx_word' id='word_1_23' title='bbox 1673 451 1809 500; x_wconf 90' lang='lat' dir='ltr'>aliud</span> 
     </span>
     <span class='ocr_line' id='line_1_5' title="bbox 319 529 1810 594; baseline -0.001 -17"><span class='ocrx_word' id='word_1_24' title='bbox 319 547 481 594; x_wconf 89' lang='lat' dir='ltr'>genus</span> <span class='ocrx_word' id='word_1_25' title='bbox 523 533 857 576; x_wconf 86' lang='lat' dir='ltr'>animantium</span> <span class='ocrx_word' id='word_1_26' title='bbox 897 533 1137 592; x_wconf 85' lang='lat' dir='ltr'>pertinet.</span> <span class='ocrx_word' id='word_1_27' title='bbox 1214 529 1398 577; x_wconf 90' lang='lat' dir='ltr'>Sensus</span> <span class='ocrx_word' id='word_1_28' title='bbox 1441 536 1615 576; x_wconf 92' lang='lat' dir='ltr'>autem</span> <span class='ocrx_word' id='word_1_29' title='bbox 1654 532 1810 577; x_wconf 89' lang='lat' dir='ltr'>inter-</span> 
     </span>
     <span class='ocr_line' id='line_1_6' title="bbox 321 610 1812 670; baseline 0 -16"><span class='ocrx_word' id='word_1_30' title='bbox 321 615 492 670; x_wconf 87' lang='lat' dir='ltr'>pretes</span> <span class='ocrx_word' id='word_1_31' title='bbox 529 624 586 654; x_wconf 88' lang='lat' dir='ltr'>ac</span> <span class='ocrx_word' id='word_1_32' title='bbox 621 611 785 654; x_wconf 89' lang='lat' dir='ltr'>nuntii</span> <span class='ocrx_word' id='word_1_33' title='bbox 819 624 988 654; x_wconf 89' lang='lat' dir='ltr'>rerum</span> <span class='ocrx_word' id='word_1_34' title='bbox 1023 610 1075 653; x_wconf 90' lang='lat' dir='ltr'>in</span> <span class='ocrx_word' id='word_1_35' title='bbox 1110 611 1276 670; x_wconf 90' lang='lat' dir='ltr'>capite</span> <span class='ocrx_word' id='word_1_36' title='bbox 1312 615 1576 670; x_wconf 88' lang='lat' dir='ltr'>tamquam</span> <span class='ocrx_word' id='word_1_37' title='bbox 1609 610 1663 654; x_wconf 88' lang='lat' dir='ltr'>in</span> <span class='ocrx_word' id='word_1_38' title='bbox 1697 622 1812 654; x_wconf 87' lang='lat' dir='ltr'>arce</span> 
     </span>
     <span class='ocr_line' id='line_1_7' title="bbox 321 684 1812 732; baseline 0.001 -1"><span class='ocrx_word' id='word_1_39' title='bbox 321 685 530 732; x_wconf 87' lang='lat' dir='ltr'>mirifice</span> <span class='ocrx_word' id='word_1_40' title='bbox 555 686 620 732; x_wconf 91' lang='lat' dir='ltr'>ad</span> <span class='ocrx_word' id='word_1_41' title='bbox 642 702 759 731; x_wconf 91' lang='lat' dir='ltr'>usus</span> <span class='ocrx_word' id='word_1_42' title='bbox 784 687 1088 731; x_wconf 88' lang='lat' dir='ltr'>necessarios</span> <span class='ocrx_word' id='word_1_43' title='bbox 1113 691 1167 731; x_wconf 90' lang='lat' dir='ltr'>et</span> <span class='ocrx_word' id='word_1_44' title='bbox 1189 684 1311 732; x_wconf 89' lang='lat' dir='ltr'>facti</span> <span class='ocrx_word' id='word_1_45' title='bbox 1335 692 1389 731; x_wconf 94' lang='lat' dir='ltr'>et</span> <span class='ocrx_word' id='word_1_46' title='bbox 1411 684 1657 732; x_wconf 90' lang='lat' dir='ltr'>conlocati</span> <span class='ocrx_word' id='word_1_47' title='bbox 1678 690 1812 732; x_wconf 84' lang='lat' dir='ltr'>sunt.</span> 
     </span>
     <span class='ocr_line' id='line_1_8' title="bbox 323 761 1814 825; baseline 0.001 -17"><span class='ocrx_word' id='word_1_48' title='bbox 323 762 454 808; x_wconf 92' lang='lat' dir='ltr'>Nam</span> <span class='ocrx_word' id='word_1_49' title='bbox 487 762 616 810; x_wconf 92' lang='lat' dir='ltr'>oculi</span> <span class='ocrx_word' id='word_1_50' title='bbox 648 770 912 825; x_wconf 84' lang='lat' dir='ltr'>tamquam</span> <span class='ocrx_word' id='word_1_51' title='bbox 945 761 1285 824; x_wconf 86' lang='lat' dir='ltr'>speculatores</span> <span class='ocrx_word' id='word_1_52' title='bbox 1320 761 1618 809; x_wconf 87' lang='lat' dir='ltr'>altissimum</span> <span class='ocrx_word' id='word_1_53' title='bbox 1648 761 1814 809; x_wconf 89' lang='lat' dir='ltr'>locum</span> 
     </span>
     <span class='ocr_line' id='line_1_9' title="bbox 323 838 1814 903; baseline -0.001 -17"><span class='ocrx_word' id='word_1_54' title='bbox 323 841 575 896; x_wconf 88' lang='lat' dir='ltr'>obtinent,</span> <span class='ocrx_word' id='word_1_55' title='bbox 598 856 660 887; x_wconf 87' lang='lat' dir='ltr'>ex</span> <span class='ocrx_word' id='word_1_56' title='bbox 682 857 781 903; x_wconf 91' lang='lat' dir='ltr'>quo</span> <span class='ocrx_word' id='word_1_57' title='bbox 801 839 1016 902; x_wconf 91' lang='lat' dir='ltr'>plurima</span> <span class='ocrx_word' id='word_1_58' title='bbox 1035 842 1401 901; x_wconf 88' lang='lat' dir='ltr'>conspicientes</span> <span class='ocrx_word' id='word_1_59' title='bbox 1420 838 1698 903; x_wconf 84' lang='lat' dir='ltr'>fungantur</span> <span class='ocrx_word' id='word_1_60' title='bbox 1723 855 1814 886; x_wconf 91' lang='lat' dir='ltr'>suo</span> 
     </span>
    </p>

    <p class='ocr_par' dir='ltr' id='par_1_3' title="bbox 220 917 1821 2065">
     <span class='ocr_line' id='line_1_10' title="bbox 220 917 1816 980; baseline -0.001 -17"><span class='ocrx_word' id='word_1_61' title='bbox 220 923 294 964; x_wconf 88' lang='lat'>141</span> <span class='ocrx_word' id='word_1_62' title='bbox 322 932 568 973; x_wconf 85' lang='lat' dir='ltr'>munere3</span> <span class='ocrx_word' id='word_1_63' title='bbox 624 924 678 964; x_wconf 90' lang='lat' dir='ltr'>et</span> <span class='ocrx_word' id='word_1_64' title='bbox 720 933 883 973; x_wconf 87' lang='lat' dir='ltr'>aures,</span> <span class='ocrx_word' id='word_1_65' title='bbox 919 933 1033 963; x_wconf 90' lang='lat' dir='ltr'>cum</span> <span class='ocrx_word' id='word_1_66' title='bbox 1075 933 1253 963; x_wconf 92' lang='lat' dir='ltr'>sonum</span> <span class='ocrx_word' id='word_1_67' title='bbox 1294 920 1555 980; x_wconf 87' lang='lat' dir='ltr'>percipere</span> <span class='ocrx_word' id='word_1_68' title='bbox 1591 917 1816 964; x_wconf 85' lang='lat' dir='ltr'>debeant</span> 
     </span>
     <span class='ocr_line' id='line_1_11' title="bbox 323 992 1814 1058; baseline 0 -17"><span class='ocrx_word' id='word_1_69' title='bbox 323 998 409 1058; x_wconf 94' lang='lat' dir='ltr'>qui</span> <span class='ocrx_word' id='word_1_70' title='bbox 432 1002 614 1041; x_wconf 91' lang='lat' dir='ltr'>natura</span> <span class='ocrx_word' id='word_1_71' title='bbox 636 998 707 1041; x_wconf 90' lang='lat' dir='ltr'>inl</span> <span class='ocrx_word' id='word_1_72' title='bbox 732 994 945 1041; x_wconf 87' lang='lat' dir='ltr'>sublime</span> <span class='ocrx_word' id='word_1_73' title='bbox 969 992 1147 1050; x_wconf 89' lang='lat' dir='ltr'>fertur,</span> <span class='ocrx_word' id='word_1_74' title='bbox 1170 1001 1309 1040; x_wconf 90' lang='lat' dir='ltr'>recte</span> <span class='ocrx_word' id='word_1_75' title='bbox 1333 997 1386 1040; x_wconf 90' lang='lat' dir='ltr'>in</span> <span class='ocrx_word' id='word_1_76' title='bbox 1415 993 1528 1041; x_wconf 89' lang='lat' dir='ltr'>altis</span> <span class='ocrx_word' id='word_1_77' title='bbox 1551 1009 1814 1057; x_wconf 90' lang='lat' dir='ltr'>corporum</span> 
     </span>
     <span class='ocr_line' id='line_1_12' title="bbox 322 1070 1817 1136; baseline 0.001 -18"><span class='ocrx_word' id='word_1_78' title='bbox 322 1073 552 1136; x_wconf 81' lang='lat' dir='ltr'>partibus</span> <span class='ocrx_word' id='word_1_79' title='bbox 595 1071 868 1118; x_wconf 84' lang='lat' dir='ltr'>collocatae</span> <span class='ocrx_word' id='word_1_80' title='bbox 911 1078 1063 1127; x_wconf 83' lang='lat' dir='ltr'>sunt3</span> <span class='ocrx_word' id='word_1_81' title='bbox 1124 1074 1352 1134; x_wconf 91' lang='lat' dir='ltr'>itemque</span> <span class='ocrx_word' id='word_1_82' title='bbox 1394 1087 1541 1118; x_wconf 90' lang='lat' dir='ltr'>nares</span> <span class='ocrx_word' id='word_1_83' title='bbox 1583 1077 1639 1118; x_wconf 90' lang='lat' dir='ltr'>et</span> <span class='ocrx_word' id='word_1_84' title='bbox 1679 1070 1817 1135; x_wconf 90' lang='lat' dir='ltr'>quod</span> 
     </span>
     <span class='ocr_line' id='line_1_13' title="bbox 324 1147 1817 1212; baseline -0.001 -15"><span class='ocrx_word' id='word_1_85' title='bbox 324 1153 485 1197; x_wconf 91' lang='lat' dir='ltr'>omnis</span> <span class='ocrx_word' id='word_1_86' title='bbox 523 1150 645 1197; x_wconf 89' lang='lat' dir='ltr'>odor</span> <span class='ocrx_word' id='word_1_87' title='bbox 682 1150 746 1196; x_wconf 90' lang='lat' dir='ltr'>ad</span> <span class='ocrx_word' id='word_1_88' title='bbox 783 1166 966 1212; x_wconf 89' lang='lat' dir='ltr'>supera</span> <span class='ocrx_word' id='word_1_89' title='bbox 1001 1147 1163 1195; x_wconf 86' lang='lat' dir='ltr'>fertur</span> <span class='ocrx_word' id='word_1_90' title='bbox 1198 1156 1338 1196; x_wconf 88' lang='lat' dir='ltr'>recte</span> <span class='ocrx_word' id='word_1_91' title='bbox 1375 1165 1571 1196; x_wconf 90' lang='lat' dir='ltr'>sursum</span> <span class='ocrx_word' id='word_1_92' title='bbox 1606 1155 1726 1196; x_wconf 91' lang='lat' dir='ltr'>sunt</span> <span class='ocrx_word' id='word_1_93' title='bbox 1761 1154 1817 1196; x_wconf 84' lang='lat' dir='ltr'>et</span> 
     </span>
     <span class='ocr_line' id='line_1_14' title="bbox 324 1227 1817 1291; baseline -0.001 -17"><span class='ocrx_word' id='word_1_94' title='bbox 324 1228 461 1291; x_wconf 90' lang='lat' dir='ltr'>quod</span> <span class='ocrx_word' id='word_1_95' title='bbox 496 1228 593 1274; x_wconf 91' lang='lat' dir='ltr'>cibi</span> <span class='ocrx_word' id='word_1_96' title='bbox 631 1234 685 1273; x_wconf 94' lang='lat' dir='ltr'>et</span> <span class='ocrx_word' id='word_1_97' title='bbox 719 1230 936 1289; x_wconf 86' lang='lat' dir='ltr'>potionis</span> <span class='ocrx_word' id='word_1_98' title='bbox 973 1227 1213 1273; x_wconf 91' lang='lat' dir='ltr'>iudicium</span> <span class='ocrx_word' id='word_1_99' title='bbox 1248 1242 1491 1290; x_wconf 88' lang='lat' dir='ltr'>magnum</span> <span class='ocrx_word' id='word_1_100' title='bbox 1527 1242 1701 1273; x_wconf 86' lang='lat' dir='ltr'>earum</span> <span class='ocrx_word' id='word_1_101' title='bbox 1737 1231 1817 1273; x_wconf 83' lang='lat' dir='ltr'>est</span> 
     </span>
     <span class='ocr_line' id='line_1_15' title="bbox 323 1303 1817 1352; baseline -0.001 0"><span class='ocrx_word' id='word_1_102' title='bbox 323 1321 424 1352; x_wconf 89' lang='lat' dir='ltr'>non</span> <span class='ocrx_word' id='word_1_103' title='bbox 459 1308 565 1351; x_wconf 90' lang='lat' dir='ltr'>sine</span> <span class='ocrx_word' id='word_1_104' title='bbox 600 1321 751 1352; x_wconf 87' lang='lat' dir='ltr'>causa</span> <span class='ocrx_word' id='word_1_105' title='bbox 785 1307 1099 1350; x_wconf 88' lang='lat' dir='ltr'>vicinitatem</span> <span class='ocrx_word' id='word_1_106' title='bbox 1134 1306 1230 1351; x_wconf 92' lang='lat' dir='ltr'>oris</span> <span class='ocrx_word' id='word_1_107' title='bbox 1264 1310 1471 1351; x_wconf 88' lang='lat' dir='ltr'>secutae</span> <span class='ocrx_word' id='word_1_108' title='bbox 1504 1310 1637 1351; x_wconf 91' lang='lat' dir='ltr'>sunt.</span> <span class='ocrx_word' id='word_1_109' title='bbox 1706 1303 1817 1350; x_wconf 89' lang='lat' dir='ltr'>Iam</span> 
     </span>
     <span class='ocr_line' id='line_1_16' title="bbox 323 1382 1818 1446; baseline -0.001 -17"><span class='ocrx_word' id='word_1_110' title='bbox 323 1389 576 1446; x_wconf 85' lang='lat' dir='ltr'>gustatus,</span> <span class='ocrx_word' id='word_1_111' title='bbox 607 1386 693 1445; x_wconf 91' lang='lat' dir='ltr'>qui</span> <span class='ocrx_word' id='word_1_112' title='bbox 723 1385 910 1428; x_wconf 90' lang='lat' dir='ltr'>sentire</span> <span class='ocrx_word' id='word_1_113' title='bbox 942 1398 1115 1428; x_wconf 88' lang='lat' dir='ltr'>eorum</span> <span class='ocrx_word' id='word_1_114' title='bbox 1144 1382 1325 1444; x_wconf 92' lang='lat' dir='ltr'>quibus</span> <span class='ocrx_word' id='word_1_115' title='bbox 1354 1384 1601 1428; x_wconf 89' lang='lat' dir='ltr'>vescimur</span> <span class='ocrx_word' id='word_1_116' title='bbox 1627 1397 1818 1446; x_wconf 86' lang='lat' dir='ltr'>genera</span> 
     </span>
     <span class='ocr_line' id='line_1_17' title="bbox 325 1458 1817 1522; baseline -0.001 -15"><span class='ocrx_word' id='word_1_117' title='bbox 325 1460 519 1516; x_wconf 79' lang='lat' dir='ltr'>debet,²</span> <span class='ocrx_word' id='word_1_118' title='bbox 534 1458 735 1506; x_wconf 89' lang='lat' dir='ltr'>habitat</span> <span class='ocrx_word' id='word_1_119' title='bbox 755 1462 807 1505; x_wconf 90' lang='lat' dir='ltr'>in</span> <span class='ocrx_word' id='word_1_120' title='bbox 825 1476 884 1505; x_wconf 90' lang='lat' dir='ltr'>ea</span> <span class='ocrx_word' id='word_1_121' title='bbox 904 1466 1051 1521; x_wconf 84' lang='lat' dir='ltr'>parte</span> <span class='ocrx_word' id='word_1_122' title='bbox 1068 1462 1164 1506; x_wconf 92' lang='lat' dir='ltr'>oris</span> <span class='ocrx_word' id='word_1_123' title='bbox 1187 1475 1288 1522; x_wconf 88' lang='lat' dir='ltr'>qua</span> <span class='ocrx_word' id='word_1_124' title='bbox 1309 1458 1578 1506; x_wconf 89' lang='lat' dir='ltr'>esculentis</span> <span class='ocrx_word' id='word_1_125' title='bbox 1596 1465 1649 1506; x_wconf 92' lang='lat' dir='ltr'>et</span> <span class='ocrx_word' id='word_1_126' title='bbox 1669 1465 1817 1521; x_wconf 89' lang='lat' dir='ltr'>potu-</span> 
     </span>
     <span class='ocr_line' id='line_1_18' title="bbox 324 1535 1817 1599; baseline -0.001 -15"><span class='ocrx_word' id='word_1_127' title='bbox 324 1536 474 1584; x_wconf 90' lang='lat' dir='ltr'>lentis</span> <span class='ocrx_word' id='word_1_128' title='bbox 501 1540 599 1584; x_wconf 89' lang='lat' dir='ltr'>iter</span> <span class='ocrx_word' id='word_1_129' title='bbox 627 1544 809 1583; x_wconf 87' lang='lat' dir='ltr'>natura</span> <span class='ocrx_word' id='word_1_130' title='bbox 836 1535 1097 1599; x_wconf 84' lang='lat' dir='ltr'>patefecit.</span> <span class='ocrx_word' id='word_1_131' title='bbox 1158 1536 1345 1583; x_wconf 90' lang='lat' dir='ltr'>Tactus</span> <span class='ocrx_word' id='word_1_132' title='bbox 1373 1543 1547 1583; x_wconf 88' lang='lat' dir='ltr'>autem</span> <span class='ocrx_word' id='word_1_133' title='bbox 1574 1543 1685 1583; x_wconf 94' lang='lat' dir='ltr'>toto</span> <span class='ocrx_word' id='word_1_134' title='bbox 1712 1552 1817 1583; x_wconf 88' lang='lat' dir='ltr'>cor-</span> 
     </span>
     <span class='ocr_line' id='line_1_19' title="bbox 324 1613 1818 1678; baseline -0.001 -17"><span class='ocrx_word' id='word_1_135' title='bbox 324 1631 446 1678; x_wconf 92' lang='lat' dir='ltr'>pore</span> <span class='ocrx_word' id='word_1_136' title='bbox 471 1614 805 1678; x_wconf 88' lang='lat' dir='ltr'>aequabiliter</span> <span class='ocrx_word' id='word_1_137' title='bbox 827 1613 966 1660; x_wconf 86' lang='lat' dir='ltr'>fusus</span> <span class='ocrx_word' id='word_1_138' title='bbox 992 1619 1086 1670; x_wconf 89' lang='lat' dir='ltr'>est,</span> <span class='ocrx_word' id='word_1_139' title='bbox 1110 1620 1169 1660; x_wconf 91' lang='lat' dir='ltr'>ut</span> <span class='ocrx_word' id='word_1_140' title='bbox 1191 1629 1365 1660; x_wconf 90' lang='lat' dir='ltr'>omnes</span> <span class='ocrx_word' id='word_1_141' title='bbox 1388 1616 1517 1661; x_wconf 88' lang='lat' dir='ltr'>ictus</span> <span class='ocrx_word' id='word_1_142' title='bbox 1541 1628 1818 1677; x_wconf 89' lang='lat' dir='ltr'>omnesque</span> 
     </span>
     <span class='ocr_line' id='line_1_20' title="bbox 324 1690 1819 1755; baseline 0 -17"><span class='ocrx_word' id='word_1_143' title='bbox 324 1696 575 1739; x_wconf 86' lang='lat' dir='ltr'>minimos³</span> <span class='ocrx_word' id='word_1_144' title='bbox 603 1700 656 1739; x_wconf 91' lang='lat' dir='ltr'>et</span> <span class='ocrx_word' id='word_1_145' title='bbox 685 1691 882 1755; x_wconf 78' lang='lat' dir='ltr'>frigoris</span> <span class='ocrx_word' id='word_1_146' title='bbox 909 1698 962 1738; x_wconf 90' lang='lat' dir='ltr'>et</span> <span class='ocrx_word' id='word_1_147' title='bbox 987 1690 1161 1738; x_wconf 89' lang='lat' dir='ltr'>caloris</span> <span class='ocrx_word' id='word_1_148' title='bbox 1187 1690 1426 1754; x_wconf 91' lang='lat' dir='ltr'>adpulsus</span> <span class='ocrx_word' id='word_1_149' title='bbox 1451 1694 1640 1738; x_wconf 87' lang='lat' dir='ltr'>sentire</span> <span class='ocrx_word' id='word_1_150' title='bbox 1664 1693 1819 1754; x_wconf 92' lang='lat' dir='ltr'>possi-</span> 
     </span>
     <span class='ocr_line' id='line_1_21' title="bbox 324 1767 1818 1833; baseline -0.001 -17"><span class='ocrx_word' id='word_1_151' title='bbox 324 1787 451 1817; x_wconf 88' lang='lat' dir='ltr'>mus.</span> <span class='ocrx_word' id='word_1_152' title='bbox 523 1771 697 1833; x_wconf 91' lang='lat' dir='ltr'>Atque</span> <span class='ocrx_word' id='word_1_153' title='bbox 734 1776 792 1816; x_wconf 90' lang='lat' dir='ltr'>ut</span> <span class='ocrx_word' id='word_1_154' title='bbox 826 1772 879 1815; x_wconf 91' lang='lat' dir='ltr'>in</span> <span class='ocrx_word' id='word_1_155' title='bbox 915 1769 1152 1816; x_wconf 86' lang='lat' dir='ltr'>aedificiis</span> <span class='ocrx_word' id='word_1_156' title='bbox 1187 1767 1450 1816; x_wconf 87' lang='lat' dir='ltr'>architecti</span> <span class='ocrx_word' id='word_1_157' title='bbox 1483 1775 1721 1816; x_wconf 87' lang='lat' dir='ltr'>avertunt</span> <span class='ocrx_word' id='word_1_158' title='bbox 1754 1769 1818 1815; x_wconf 91' lang='lat' dir='ltr'>ab</span> 
     </span>
     <span class='ocr_line' id='line_1_22' title="bbox 326 1845 1821 1910; baseline -0.001 -16"><span class='ocrx_word' id='word_1_159' title='bbox 326 1847 479 1895; x_wconf 90' lang='lat' dir='ltr'>oculis</span> <span class='ocrx_word' id='word_1_160' title='bbox 502 1849 807 1910; x_wconf 88' lang='lat' dir='ltr'>naribusque</span> <span class='ocrx_word' id='word_1_161' title='bbox 831 1847 1147 1893; x_wconf 90' lang='lat' dir='ltr'>dominorum</span> <span class='ocrx_word' id='word_1_162' title='bbox 1171 1862 1232 1892; x_wconf 88' lang='lat' dir='ltr'>ea</span> <span class='ocrx_word' id='word_1_163' title='bbox 1254 1862 1385 1909; x_wconf 91' lang='lat' dir='ltr'>quae</span> <span class='ocrx_word' id='word_1_164' title='bbox 1407 1845 1712 1909; x_wconf 87' lang='lat' dir='ltr'>profluentia</span> <span class='ocrx_word' id='word_1_165' title='bbox 1736 1861 1821 1892; x_wconf 89' lang='lat' dir='ltr'>ne·</span> 
     </span>
     <span class='ocr_line' id='line_1_23' title="bbox 325 1922 1819 1987; baseline -0.001 -15"><span class='ocrx_word' id='word_1_166' title='bbox 325 1929 539 1972; x_wconf 89' lang='lat' dir='ltr'>cessario</span> <span class='ocrx_word' id='word_1_167' title='bbox 566 1928 719 1971; x_wconf 86' lang='lat' dir='ltr'>taetri</span> <span class='ocrx_word' id='word_1_168' title='bbox 747 1931 917 1971; x_wconf 88' lang='lat' dir='ltr'>essent</span> <span class='ocrx_word' id='word_1_169' title='bbox 944 1923 1134 1987; x_wconf 91' lang='lat' dir='ltr'>aliquid</span> <span class='ocrx_word' id='word_1_170' title='bbox 1158 1922 1412 1980; x_wconf 87' lang='lat' dir='ltr'>habitura,</span> <span class='ocrx_word' id='word_1_171' title='bbox 1437 1927 1507 1971; x_wconf 92' lang='lat' dir='ltr'>sic</span> <span class='ocrx_word' id='word_1_172' title='bbox 1532 1930 1715 1970; x_wconf 88' lang='lat' dir='ltr'>natura</span> <span class='ocrx_word' id='word_1_173' title='bbox 1739 1939 1819 1970; x_wconf 91' lang='lat' dir='ltr'>res</span> 
     </span>
     <span class='ocr_line' id='line_1_24' title="bbox 326 2002 1330 2065; baseline -0.001 -16"><span class='ocrx_word' id='word_1_174' title='bbox 326 2003 497 2049; x_wconf 90' lang='lat' dir='ltr'>similis</span> <span class='ocrx_word' id='word_1_175' title='bbox 520 2002 693 2065; x_wconf 87' lang='lat' dir='ltr'>procul</span> <span class='ocrx_word' id='word_1_176' title='bbox 718 2002 1010 2048; x_wconf 82' lang='lat' dir='ltr'>amandavit</span> <span class='ocrx_word' id='word_1_177' title='bbox 1034 2018 1064 2047; x_wconf 91' lang='lat' dir='ltr'>a</span> <span class='ocrx_word' id='word_1_178' title='bbox 1086 2002 1330 2048; x_wconf 89' lang='lat' dir='ltr'>sensibus.</span> 
     </span>
    </p>

    <p class='ocr_par' dir='ltr' id='par_1_4' title="bbox 223 2077 1820 2373">
     <span class='ocr_line' id='line_1_25' title="bbox 223 2077 1820 2141; baseline -0.001 -16"><span class='ocrx_word' id='word_1_179' title='bbox 223 2086 301 2125; x_wconf 85' lang='lat'>142</span> <span class='ocrx_word' id='word_1_180' title='bbox 393 2080 551 2125; x_wconf 85' lang='lat' dir='ltr'>LVII.</span> <span class='ocrx_word' id='word_1_181' title='bbox 591 2079 763 2138; x_wconf 81' lang='lat' dir='ltr'>“Quis</span> <span class='ocrx_word' id='word_1_182' title='bbox 807 2094 924 2124; x_wconf 86' lang='lat' dir='ltr'>vero</span> <span class='ocrx_word' id='word_1_183' title='bbox 967 2077 1136 2140; x_wconf 85' lang='lat' dir='ltr'>opifex</span> <span class='ocrx_word' id='word_1_184' title='bbox 1178 2085 1383 2141; x_wconf 89' lang='lat' dir='ltr'>praeter</span> <span class='ocrx_word' id='word_1_185' title='bbox 1429 2084 1683 2134; x_wconf 88' lang='lat' dir='ltr'>naturam,</span> <span class='ocrx_word' id='word_1_186' title='bbox 1721 2092 1820 2140; x_wconf 86' lang='lat' dir='ltr'>qua</span> 
     </span>
     <span class='ocr_line' id='line_1_26' title="bbox 326 2153 1820 2220; baseline -0.002 -17"><span class='ocrx_word' id='word_1_187' title='bbox 326 2157 449 2204; x_wconf 89' lang='lat' dir='ltr'>nihil</span> <span class='ocrx_word' id='word_1_188' title='bbox 489 2164 661 2220; x_wconf 89' lang='lat' dir='ltr'>potest</span> <span class='ocrx_word' id='word_1_189' title='bbox 709 2172 818 2203; x_wconf 92' lang='lat' dir='ltr'>esse</span> <span class='ocrx_word' id='word_1_190' title='bbox 863 2155 1105 2211; x_wconf 87' lang='lat' dir='ltr'>callidius,</span> <span class='ocrx_word' id='word_1_191' title='bbox 1141 2162 1341 2202; x_wconf 89' lang='lat' dir='ltr'>tantam</span> <span class='ocrx_word' id='word_1_192' title='bbox 1387 2153 1662 2202; x_wconf 89' lang='lat' dir='ltr'>sollertiam</span> <span class='ocrx_word' id='word_1_193' title='bbox 1706 2170 1820 2217; x_wconf 89' lang='lat' dir='ltr'>per-</span> 
     </span>
     <span class='ocr_line' id='line_1_27' title="bbox 326 2230 1814 2298; baseline -0.003 -16"><span class='ocrx_word' id='word_1_194' title='bbox 326 2238 467 2298; x_wconf 90' lang='lat' dir='ltr'>sequi</span> <span class='ocrx_word' id='word_1_195' title='bbox 510 2238 758 2297; x_wconf 87' lang='lat' dir='ltr'>potuisset</span> <span class='ocrx_word' id='word_1_196' title='bbox 799 2236 851 2279; x_wconf 93' lang='lat' dir='ltr'>in</span> <span class='ocrx_word' id='word_1_197' title='bbox 891 2232 1160 2279; x_wconf 89' lang='lat' dir='ltr'>sensibus?</span> <span class='ocrx_word' id='word_1_198' title='bbox 1220 2248 1351 2296; x_wconf 90' lang='lat' dir='ltr'>quae</span> <span class='ocrx_word' id='word_1_199' title='bbox 1391 2235 1610 2295; x_wconf 91' lang='lat' dir='ltr'>primum</span> <span class='ocrx_word' id='word_1_200' title='bbox 1649 2230 1814 2278; x_wconf 87' lang='lat' dir='ltr'>oculos</span> 
     </span>
     <span class='ocr_line' id='line_1_28' title="bbox 325 2311 1807 2373; baseline -0.003 -14"><span class='ocrx_word' id='word_1_201' title='bbox 325 2313 631 2359; x_wconf 88' lang='lat' dir='ltr'>membranis</span> <span class='ocrx_word' id='word_1_202' title='bbox 664 2314 970 2358; x_wconf 83' lang='lat' dir='ltr'>tenuissimis</span> <span class='ocrx_word' id='word_1_203' title='bbox 1003 2313 1206 2357; x_wconf 89' lang='lat' dir='ltr'>vestivit</span> <span class='ocrx_word' id='word_1_204' title='bbox 1239 2317 1293 2357; x_wconf 89' lang='lat' dir='ltr'>et</span> <span class='ocrx_word' id='word_1_205' title='bbox 1324 2312 1530 2372; x_wconf 88' lang='lat' dir='ltr'>saepsit,</span> <span class='ocrx_word' id='word_1_206' title='bbox 1563 2325 1688 2373; x_wconf 88' lang='lat' dir='ltr'>quas</span> <span class='ocrx_word' id='word_1_207' title='bbox 1718 2311 1807 2371; x_wconf 91' lang='lat' dir='ltr'>pri·</span> 
     </span>
    </p>
   </div>
   <div class='ocr_carea' id='block_1_3' title="bbox 446 2449 1758 2552">
    <p class='ocr_par' dir='ltr' id='par_1_5' title="bbox 446 2449 1758 2552">
     <span class='ocr_line' id='line_1_29' title="bbox 446 2449 1758 2497; baseline -0.005 -1"><span class='ocrx_word' id='word_1_208' title='bbox 446 2455 464 2480; x_wconf 87' lang='lat'>²</span> <span class='ocrx_word' id='word_1_209' title='bbox 494 2457 537 2496; x_wconf 90' lang='lat' dir='ltr'>in</span> <span class='ocrx_word' id='word_1_210' title='bbox 559 2469 639 2496; x_wconf 88' lang='lat' dir='ltr'>om.</span> <span class='ocrx_word' id='word_1_211' title='bbox 664 2455 765 2495; x_wconf 75' lang='lat' dir='ltr'>dett.</span> <span class='ocrx_word' id='word_1_212' title='bbox 1060 2453 1077 2476; x_wconf 87' lang='lat'><strong>²</strong></span> <span class='ocrx_word' id='word_1_213' title='bbox 1107 2452 1238 2493; x_wconf 85' lang='lat' dir='ltr'>debet</span> <span class='ocrx_word' id='word_1_214' title='bbox 1259 2453 1361 2492; x_wconf 75' lang='lat' dir='ltr'>dett.</span> <span class='ocrx_word' id='word_1_215' title='bbox 1383 2469 1392 2492; x_wconf 74' lang='grc' dir='ltr'><em>ε</em></span> <span class='ocrx_word' id='word_1_216' title='bbox 1425 2451 1604 2492; x_wconf 87' lang='lat' dir='ltr'>deberet</span> <span class='ocrx_word' id='word_1_217' title='bbox 1625 2449 1684 2497; x_wconf 79' lang='lat' dir='ltr'>A,</span> <span class='ocrx_word' id='word_1_218' title='bbox 1705 2449 1758 2491; x_wconf 89' lang='grc' dir='ltr'>Β.</span> 
     </span>
     <span class='ocr_line' id='line_1_30' title="bbox 691 2505 1447 2552; baseline 0.001 -6"><span class='ocrx_word' id='word_1_219' title='bbox 691 2508 709 2533; x_wconf 76' lang='lat'><strong>⁸</strong></span> <span class='ocrx_word' id='word_1_220' title='bbox 741 2508 945 2547; x_wconf 85' lang='lat' dir='ltr'>minimos</span> <span class='ocrx_word' id='word_1_221' title='bbox 967 2507 1069 2547; x_wconf 74' lang='lat' dir='ltr'>dett.</span> <span class='ocrx_word' id='word_1_222' title='bbox 1090 2524 1099 2547; x_wconf 76' lang='lat' dir='ltr'><strong><em>z</em></strong></span> <span class='ocrx_word' id='word_1_223' title='bbox 1133 2508 1290 2547; x_wconf 85' lang='lat' dir='ltr'>nimios</span> <span class='ocrx_word' id='word_1_224' title='bbox 1312 2507 1371 2552; x_wconf 80' lang='lat' dir='ltr'>A,</span> <span class='ocrx_word' id='word_1_225' title='bbox 1392 2505 1447 2547; x_wconf 88' lang='grc' dir='ltr'>Β.</span> 
     </span>
    </p>
   </div>
   <div class='ocr_carea' id='block_1_4' title="bbox 339 2579 432 2620">
    <p class='ocr_par' dir='ltr' id='par_1_6' title="bbox 339 2579 432 2620">
     <span class='ocr_line' id='line_1_31' title="bbox 339 2579 432 2620; baseline 0 0"><span class='ocrx_word' id='word_1_226' title='bbox 339 2579 432 2620; x_wconf 78' lang='grc'>258</span> 
     </span>
    </p>
   </div>
  </div>
 </body>
</html>
