1919 3006
964 207 1216 256 CICERO

343 339 529 387 deinde
554 347 725 402 partes
751 343 968 402 corporis
995 347 1048 387 et
1074 340 1138 387 ad
1162 340 1529 403 procreandum
1555 348 1609 388 et
1633 340 1698 389 ad
1722 357 1835 388 con-

345 414 633 476 cipiendum
662 417 972 477 aptissimae,
1000 421 1054 462 et
1080 417 1133 462 in
1159 431 1299 462 mare
1328 422 1382 462 et
1407 418 1461 462 in
1486 414 1678 462 femina
1703 431 1835 463 com-

344 491 715 538 miscendorum
736 507 999 554 corporum
1019 494 1176 539 mirae
1196 491 1444 540 libidines.
1514 491 1642 540 Cum
1662 499 1837 540 autem

343 567 395 612 in
429 566 546 614 locis
581 584 756 614 semen
790 569 993 625 insedit,
1026 572 1161 632 rapit
1194 586 1398 616 omnem
1429 567 1538 616 fere
1571 570 1740 616 cibum
1772 568 1838 616 ad

344 658 455 689 sese
494 660 656 708 eoque
693 650 949 706 saeptum1
987 644 1134 708 fingit
1170 644 1391 701 anima13
1446 645 1583 708 quod
1618 661 1734 691 cum
1771 659 1835 691 ex

345 724 492 765 utero
521 719 748 782 elapsum
777 721 983 776 excidit,
1011 724 1063 767 in
1090 724 1147 768 iis
1177 722 1517 769 animantibus
1546 738 1678 785 quae
1705 720 1838 769 lacte

345 793 548 841 aluntur
577 800 736 843 omnis
770 796 877 844 fere
911 799 1048 845 cibus
1082 805 1304 845 matrum
1334 797 1610 846 lactescere
1644 800 1838 861 incipit,

345 884 508 932 eaque
535 888 666 934 quae
691 871 841 934 paulo
868 880 988 920 ante
1014 880 1136 920 nata
1165 880 1285 920 sunt
1309 877 1417 920 sine
1441 876 1684 937 magistro
1708 873 1838 920 duce

343 951 527 992 natura
557 963 803 993 mammas
837 955 1090 1011 appetunt
1123 964 1400 1011 earumque
1431 948 1670 995 ubertate
1701 955 1839 996 satu-

342 1027 533 1068 rantur.
603 1022 777 1086 Atque
800 1030 859 1069 ut
881 1023 1237 1088 intellegamus
1261 1022 1384 1069 nihil
1405 1021 1585 1069 horum
1609 1039 1719 1070 esse
1740 1021 1839 1070 for-

343 1098 533 1142 tuitum
554 1104 607 1144 et
625 1097 751 1145 haec
771 1102 939 1145 omnia
959 1116 1068 1146 esse
1089 1116 1243 1162 opera
1261 1098 1501 1161 providae
1520 1097 1838 1162 sollertisque

343 1178 574 1229 naturae,
601 1190 732 1237 quae
757 1174 1060 1238 multiplices
1085 1174 1221 1222 fetus
1247 1181 1533 1237 procreant,
1557 1181 1617 1222 ut
1640 1190 1755 1222 sues
1779 1181 1838 1222 ut

343 1262 510 1303 canes,
539 1251 598 1296 iis
627 1266 963 1297 mammarum
992 1251 1114 1298 data
1145 1258 1223 1298 est
1251 1250 1545 1306 multitud0,
1575 1266 1699 1313 quas
1730 1265 1838 1297 eas-

342 1321 460 1368 dem
485 1339 670 1385 paucas
696 1324 890 1372 habent
917 1342 1008 1373 eae
1033 1327 1230 1373 bestiae
1258 1342 1389 1389 quae
1414 1342 1577 1389 pauca
1601 1329 1835 1390 gignunt.

238 1399 318 1441 129
343 1395 478 1454 Quid
502 1399 666 1445 dicam
690 1407 910 1463 quantus
936 1417 1075 1447 amor
1097 1402 1377 1448 bestiarum
1399 1405 1465 1449 sit
1487 1404 1539 1448 in
1563 1400 1836 1448 educandis

341 1473 786 1538 custodiendisque
804 1479 861 1522 iis
880 1493 1011 1539 quae
1029 1484 1440 1539 procreaverunt,
1457 1492 1618 1540 usque
1636 1475 1702 1523 ad
1719 1491 1837 1523 eum

343 1545 495 1593 finem
519 1548 641 1595 dum
664 1554 858 1613 possint
881 1568 935 1599 se
960 1556 1067 1614 ipsa
1093 1551 1370 1599 defendere
1393 1552 1412 1599 ?
1456 1555 1552 1599 etsi
1575 1554 1754 1614 pisces,
1777 1557 1837 1598 ut

343 1624 501 1679 aiunt,
525 1641 619 1671 ova
642 1642 756 1672 cum
778 1635 1068 1691 genuerunt
1090 1627 1401 1690 relinquunt,
1423 1625 1571 1674 facile
1595 1630 1731 1673 enim
1752 1626 1837 1673 illa

343 1713 475 1760 aqua
505 1706 558 1746 et
587 1704 901 1748 sustinentur
932 1709 985 1749 et
1015 1701 1179 1749 fetum
1208 1701 1445 1750 fundunt.
1505 1701 1618 1748 LII.
1655 1701 1835 1749 Testu-

341 1772 482 1819 dines
504 1782 677 1821 autem
699 1783 751 1822 et
771 1777 1040 1824 crocodilos
1061 1778 1253 1834 dicunt,
1273 1794 1388 1824 cum
1405 1780 1458 1824 in
1476 1784 1612 1824 terra
1630 1783 1834 1840 partum

343 1847 612 1907 ediderint,
658 1852 871 1899 obruere
917 1870 1027 1909 ova,
1073 1853 1258 1901 deinde
1303 1853 1564 1900 discedere
1588 1868 1600 1908 3
1661 1855 1736 1900 ita
1780 1859 1834 1900 et

341 1932 615 1972 nascuntur
643 1933 696 1973 et
724 1928 1004 1975 educantur
1030 1932 1140 1991 ipsa
1164 1944 1256 1991 per
1282 1944 1409 1976 sese.
1479 1928 1589 1975 Iam
1615 1927 1833 1992 gallinae

341 2014 560 2062 avesque
582 2001 807 2065 reliquae
831 2011 884 2051 et
907 2008 1138 2067 quietum
1160 2007 1426 2067 requirunt
1448 2003 1513 2050 ad
1534 2003 1834 2066 pariendum

339 2071 503 2120 locum
520 2081 574 2122 et
589 2076 771 2122 cubilia
787 2078 879 2124 sibi
897 2078 1141 2142 nidosque
1161 2085 1460 2126 construunt
1476 2094 1664 2141 eosque
1680 2094 1833 2142 quam

339 2157 550 2210 possunt
584 2151 889 2199 mollissume
922 2154 1270 2210 substernunt,
1303 2161 1362 2201 ut
1394 2169 1547 2217 quam
1580 2151 1832 2200 facillume

339 2240 432 2270 ova
458 2234 722 2274 serventur
745 2243 757 2283 3
803 2244 831 2275 e
859 2229 1039 2292 quibus
1067 2228 1227 2291 pullos
1255 2244 1370 2275 cum
1397 2228 1730 2284 excuderunt,
1756 2229 1831 2274 ita

338 2305 550 2347 tuentur
575 2309 632 2349 ut
659 2310 712 2349 et
744 2306 908 2365 pinnis
935 2302 1143 2350 foveant
1175 2320 1240 2350 ne
1265 2302 1450 2367 frigore
1480 2302 1750 2350 laedantur
1774 2307 1829 2349 et

514 2409 531 2435 ¹
561 2425 613 2452 ex
635 2424 776 2464 eoque
797 2416 1061 2465 conceptum
1083 2412 1169 2466 (vel
1191 2411 1416 2465 coeptum)
1447 2413 1468 2453 ?
1484 2411 1657 2465 Mayor.

396 2518 416 2538 ⁰
446 2513 641 2567 Perhaps
678 2516 752 2557 the
795 2520 887 2557 text
924 2516 1082 2558 should
1122 2517 1177 2558 be
1214 2516 1431 2558 emended
1467 2520 1515 2558 to
1550 2517 1666 2570 give,
1711 2513 1827 2557 ‘and

334 2565 532 2609 fashions
551 2583 579 2609 a
598 2569 736 2623 living
755 2575 954 2612 creature
973 2571 1207 2612 conceived
1228 2570 1498 2612 therefrom.’

344 2631 439 2679 246
