1919 3006
924 194 1176 243 CICERO

302 333 573 388 utramque
596 327 649 371 in
670 330 873 388 partem
895 323 1058 371 multa
1081 323 1331 371 dicuntur.
1390 322 1587 371 Horum
1609 323 1797 388 aliquid

302 411 470 450 vestro
526 405 744 465 sapienti
800 408 998 448 certum
1054 401 1271 457 videtur,
1327 408 1499 448 nostro
1555 417 1620 448 ne
1677 401 1799 464 quid

302 484 522 527 maxime
565 481 771 544 quidem
812 479 1073 542 probabile
1115 482 1181 526 sit
1222 482 1452 535 occurrit,
1488 482 1562 526 ita
1597 482 1797 526 suntin

302 560 554 622 plerisque
581 561 945 605 contrariarum
969 561 1224 604 rationum
1247 561 1389 620 paria
1411 564 1688 604 momenta.

365 637 474 684 XL.
512 636 652 683 “Sin
698 639 804 700 agis
849 636 1180 682 verecundius
1227 642 1281 682 et
1324 651 1408 682 me
1453 651 1655 682 accusas
1700 651 1800 682 non

303 716 439 779 quod
471 718 572 762 tuis
604 715 884 761 rationibus
917 730 1018 760 non
1053 714 1309 760 adsentiar
1343 712 1435 760 sed
1467 713 1604 776 quod
1635 711 1800 768 nullis,

303 797 499 840 vincam
550 795 774 839 animum
822 795 1004 854 cuique
1055 792 1311 838 adsentiar
1360 790 1800 855 deligam-quem

302 871 661 935 potissimum?
714 870 908 933 quem?
976 869 1362 916 Democritum:
1414 885 1615 932 semper
1648 872 1801 924 enim,

302 957 361 997 ut
410 952 562 1002 scitis,
613 949 865 995 studiosus
915 947 1193 994 nobilitatis
1243 946 1330 993 fui.
1416 947 1651 1011 Urgebor
1699 950 1801 992 iam

303 1031 527 1074 omnium
563 1034 788 1073 vestrum
825 1028 1081 1072 convicio:
1138 1024 1315 1071 ‘Tune
1354 1032 1443 1072 aut
1477 1028 1628 1071 inane
1665 1027 1802 1088 quic-

301 1123 454 1169 quam
484 1112 635 1168 putes
667 1120 794 1159 esse,
825 1121 939 1151 cum
969 1107 1043 1150 ita
1073 1102 1328 1166 completa
1358 1110 1412 1151 et
1441 1101 1671 1150 conferta
1700 1105 1801 1149 sint

301 1187 472 1230 omnia
503 1190 562 1230 ut
595 1190 648 1230 et
686 1182 950 1246 quidquid1
983 1182 1270 1228 movebitur
1301 1187 1617 1243 corporeum²
1648 1180 1801 1227 cedat

299 1269 353 1309 et
380 1278 480 1325 qua
505 1261 729 1325 quidque
754 1263 963 1307 cesserit
989 1259 1124 1306 aliud
1147 1259 1259 1306 ilico
1285 1260 1624 1322 subsequatur
1647 1259 1665 1304 ?
1710 1264 1800 1305 aut

300 1348 495 1387 atomos
527 1339 651 1386 ullas
684 1355 712 1385 e
744 1340 925 1402 quibus
957 1338 1203 1402 quidquid
1233 1338 1478 1384 efficiatur
1506 1336 1704 1383 illarum
1733 1339 1800 1384 sit

300 1417 726 1466 dissimillimum?
789 1424 878 1463 aut
920 1419 1026 1463 sine
1070 1415 1238 1479 aliqua
1278 1422 1453 1462 mente
1494 1431 1603 1462 rem
1645 1413 1799 1462 ullam

299 1498 425 1543 effici
474 1512 622 1559 posse
671 1494 1024 1558 praeclaram?
1094 1501 1147 1541 et
1196 1510 1311 1541 cum
1358 1497 1411 1540 in
1459 1509 1560 1540 uno
1607 1493 1799 1540 mundo

298 1581 505 1621 ornatus
547 1573 628 1620 hic
670 1580 778 1620 tam
820 1576 886 1619 sit
927 1572 1184 1627 mirabilis,
1227 1570 1604 1618 innumerabilis
1647 1587 1800 1634 supra

297 1652 444 1708 infra,
495 1652 677 1698 dextra
725 1653 943 1706 sinistra,
994 1657 1114 1697 ante
1162 1657 1295 1712 post,
1346 1649 1466 1696 alios
1515 1648 1797 1704 dissimiles,

299 1731 419 1777 alios
461 1730 689 1777 eiusdem
728 1729 865 1775 modi
904 1729 1118 1775 mundos
1157 1728 1308 1774 esse?
1354 1735 1408 1775 et
1446 1734 1505 1774 ut
1540 1743 1631 1774 nos
1664 1743 1798 1773 nunc

297 1812 450 1856 simus
473 1808 537 1854 ad
557 1806 738 1854 Baulos
761 1806 1101 1869 Puteolosque
1123 1806 1401 1861 videamus,
1423 1808 1491 1852 sic
1511 1808 1796 1852 innumera-

295 1886 421 1933 biles
442 1886 646 1948 paribus
665 1887 717 1931 in
735 1883 855 1931 locis
877 1900 986 1930 esse
1009 1884 1200 1930 eisdem
1220 1884 1505 1930 nominibus
1525 1881 1797 1930 honoribus

296 1965 448 2011 rebus
494 1966 650 2027 gestis
695 1965 911 2026 ingeniis
957 1960 1129 2008 formis
1176 1962 1448 2016 aetatibus,
1495 1961 1687 2008 eisdem
1732 1960 1797 2007 de

294 2044 446 2089 rebus
466 2042 785 2103 disputantes
809 2041 828 2086 ?
866 2047 920 2086 et
937 2043 976 2086 si
995 2056 1128 2087 nunc
1146 2046 1236 2086 aut
1253 2042 1293 2086 si
1312 2043 1469 2086 etiam
1487 2039 1797 2086 dormientes

298 2119 487 2183 aliquid
515 2122 681 2165 animo
708 2118 879 2165 videre
906 2118 1183 2173 videamur,
1209 2120 1456 2181 imagines
1483 2119 1797 2164 extrinsecus

297 2200 350 2244 in
384 2200 575 2243 animos
608 2204 804 2243 nostros
837 2212 928 2259 per
960 2213 1138 2258 corpus
1171 2195 1501 2258 inrumpere?
1565 2194 1643 2241 Tu
1675 2209 1792 2241 vero

297 2278 397 2323 ista
446 2291 512 2322 ne
564 2278 794 2322 asciveris
846 2290 974 2321 neve
1025 2273 1179 2321 fueris
1229 2275 1592 2321 commenticiis
1641 2273 1792 2320 rebus

675 2358 693 2381 1
722 2356 942 2409 quidquid
962 2356 1108 2396 Reid:
1141 2355 1262 2408 quod
1283 2355 1407 2396 codd.

607 2412 624 2436 ²
653 2425 913 2462 corporeum
935 2410 1079 2451 Reid:
1111 2423 1347 2461 corporum
1367 2409 1490 2449 codd.

355 2504 375 2522 ⁰
408 2497 635 2550 Implying
668 2498 765 2537 that
799 2498 1077 2536 Democritus
1112 2495 1238 2536 holds
1271 2496 1347 2536 the
1380 2495 1488 2548 high
1521 2495 1712 2548 position
1745 2494 1790 2534 in

299 2551 568 2605 philosophy
589 2551 687 2592 that
706 2551 940 2592 noblemen
964 2550 1066 2591 hold
1089 2552 1133 2590 in
1154 2552 1337 2602 society.

299 2616 395 2666 628
