1919 3006
942 189 1194 239 CICERO

323 325 380 366 ut
410 318 632 366 Taurum
663 325 722 366 ut
758 317 1002 375 Leonem,
1037 326 1126 367 aut
1161 336 1329 366 rerum
1363 322 1718 377 inanimatum,
1753 327 1810 369 ut

243 393 294 432 41
323 389 461 451 Argo
486 393 545 434 ut
569 387 725 433 Aram
755 393 814 433 ut
843 386 1106 434 Coronam.
1175 385 1276 434 Sed
1305 394 1363 434 ut
1385 386 1511 434 haec
1533 389 1813 436 concedan-

322 461 421 510 tur,
453 453 645 517 reliqua
678 457 763 517 qui
794 455 1005 501 tandem
1035 471 1136 501 non
1166 455 1317 501 modo
1347 455 1555 502 concedi
1585 455 1676 503 sed
1706 472 1812 502 orn-

322 525 439 567 nino
459 521 687 585 intellegi
705 528 917 584 possunt
939 522 958 568 ?
1026 521 1154 568 Cum
1173 520 1344 585 fruges
1365 521 1620 579 Cererem,
1639 526 1810 570 vinum

324 588 564 635 Liberum
582 590 809 644 dicimus,
826 604 1015 652 genere
1033 605 1121 635 nos
1140 590 1346 652 quidem
1363 593 1604 636 sermonis
1622 593 1812 636 utimur

323 659 529 712 usitato,
567 657 658 703 sed
696 672 908 719 ecquem
946 663 1054 702 tam
1093 663 1351 703 amentem
1390 673 1499 704 esse
1536 663 1686 719 putas
1725 659 1812 720 qui

323 722 445 770 illud
470 740 568 786 quo
593 730 824 770 vescatur
848 724 1000 770 deum
1025 724 1200 770 credat
1225 739 1334 770 esse
1357 724 1375 770 ?
1443 723 1574 769 Nam
1599 740 1723 787 quos
1748 724 1812 770 ab

325 789 609 837 hominibus
637 794 926 854 pervenisse
955 791 1077 837 dicis
1108 791 1172 838 ad
1200 791 1339 847 deos,
1366 797 1425 837 tu
1452 791 1634 838 reddes
1662 794 1813 837 ratio-

324 873 441 903 nem
474 874 627 921 quem
659 858 723 905 ad
753 858 960 905 modum
991 858 1043 904 id
1075 858 1182 904 fieri
1212 861 1438 920 potuerit
1469 865 1559 905 aut
1589 858 1814 909 cur.fien

326 925 550 981 desierit,
570 932 624 972 et
649 941 744 989 ego
770 926 958 972 discam
977 924 1229 980 libenter,
1218 940 1228 950 ·
1267 941 1366 987 quo
1385 926 1536 973 modo
1554 941 1687 972 nunc
1705 928 1815 988 qui-

326 992 443 1039 dem
481 999 576 1048 est,
612 1009 712 1039 non
752 993 897 1039 video
939 1009 1039 1056 quo
1079 999 1230 1055 pacto
1270 992 1354 1039 ille
1395 996 1475 1039 cui
1517 991 1598 1039 ‘in
1637 999 1813 1039 monte

327 1058 524 1106 Oetaeo
566 1059 737 1106 illatae
793 1057 1070 1122 lampades'
1125 1058 1333 1116 fuerint,
1383 1066 1442 1106 ut
1492 1062 1564 1106 ait
1613 1059 1814 1116 Accius,

323 1125 407 1173 ‘in
456 1128 662 1174 domum
704 1134 966 1174 aeternam
1007 1125 1199 1190 patris’
1246 1142 1310 1173 ex
1355 1126 1439 1174 illo
1486 1127 1663 1174 ardore
1702 1143 1816 1190 per-

325 1198 553 1250 venerit3
610 1210 763 1258 quem
799 1202 975 1241 tamen
1012 1194 1263 1241 Homerus
1301 1195 1437 1257 apud
1473 1192 1660 1241 inferos
1698 1210 1814 1241 con-

324 1265 481 1308 veniri
514 1261 636 1309 facit
671 1263 734 1309 ab
771 1262 940 1318 Ulixe,
974 1265 1103 1309 sicut
1137 1269 1332 1308 ceteros
1367 1264 1452 1325 qui
1490 1267 1815 1308 excesserant

325 1332 443 1375 vita.

247 1401 300 1440 42
389 1395 417 1410 “
438 1396 759 1460 Quamquam
785 1412 938 1459 quem
957 1398 1274 1458 potissimum
1298 1393 1572 1442 Herculem
1595 1393 1816 1442 colamus

326 1466 450 1509 scire
486 1480 606 1510 sane
641 1463 827 1519 velim;
879 1463 1034 1526 pluris
1070 1466 1206 1509 enim
1239 1463 1450 1510 tradunt
1483 1462 1626 1509 nobis
1659 1464 1694 1508 ii
1729 1464 1816 1524 qui

325 1533 589 1577 interiores
611 1538 899 1577 scrutantur
920 1538 973 1578 et
992 1531 1277 1577 reconditas
1296 1529 1511 1586 litteras,
1531 1532 1817 1593 antiquissi-

326 1614 466 1644 mum
497 1598 616 1646 Iove
649 1606 828 1645 natum
858 1599 948 1645 sed
975 1601 1101 1644 item
1135 1597 1255 1644 Iove
1285 1600 1815 1660 antiquissimo——nam

327 1665 472 1712 Ioves
519 1682 721 1729 quoque
766 1665 921 1729 pluris
965 1668 1017 1711 in
1061 1668 1233 1728 priscis
1281 1665 1588 1711 Graecorum
1632 1663 1815 1710 litteris

325 1735 606 1780 invenimus
631 1750 641 1780 :
686 1748 750 1780 ex
781 1749 841 1780 eo
865 1736 1021 1797 igitur
1051 1740 1104 1780 et
1130 1731 1375 1795 Lysithoe
1403 1739 1481 1779 est
1503 1735 1545 1779 is
1570 1731 1815 1778 Hercules

326 1816 479 1863 quem
507 1804 871 1847 concertavisse
900 1817 1014 1847 cum
1042 1799 1277 1863 Apolline
1305 1800 1369 1847 de
1395 1799 1595 1862 tripode
1624 1801 1815 1861 accepi-

325 1884 450 1914 mus.
520 1868 668 1915 Alter
710 1869 928 1915 traditur
972 1867 1084 1914 Nilo
1120 1874 1270 1914 natus
1312 1868 1618 1931 Aegyptius,
1661 1882 1814 1929 quem

326 1938 469 1982 aiunt
517 1934 761 2000 Phrygias
809 1935 1005 1982 litteras
1054 1938 1417 1997 conscripsisse.
1485 1934 1686 1980 Tertius
1735 1940 1811 1980 est

324 2018 387 2048 ex
430 2002 595 2050 Idaeis
636 2003 842 2067 Digitis,
881 2006 961 2050 cui
999 2001 1203 2049 inferias
1244 2001 1519 2050 adferunt.¹
1590 2000 1812 2059 Quartus

339 2129 403 2224 Gl
433 2130 640 2192 adferunt
688 2131 822 2172 datm
891 2130 1099 2171 adferunt
1155 2130 1233 2182 qui
1272 2129 1333 2177 A,
1375 2128 1430 2176 B,
1479 2128 1689 2169 adferunt
1736 2125 1815 2169 Coi

377 2198 596 2225 YonO‘CUl-S‘.

393 2351 524 2393 ⁰0d.
558 2354 616 2393 xi.
645 2355 727 2392 600
755 2352 800 2392 ff.
863 2351 959 2393 Our
989 2355 1079 2392 text
1109 2352 1160 2392 of
1175 2351 1343 2391 Homer
1363 2348 1502 2391 adds
1492 2363 1535 2391 1n
1555 2349 1600 2391 ll.
1622 2351 1717 2390 602-
1726 2351 1811 2390 604

330 2405 428 2447 that
463 2407 583 2447 what
622 2405 850 2458 Odysseus
880 2410 970 2447 met
998 2419 1088 2446 was
1117 2419 1141 2446 a
1173 2405 1327 2445 wraith
1359 2404 1575 2457 (εἴδωλον),
1606 2403 1686 2444 but
1714 2403 1810 2443 that

330 2460 539 2501 Heracles
571 2449 750 2501 himself
767 2474 856 2501 uas
880 2460 1071 2512 feasting
1092 2459 1196 2499 with
1217 2459 1290 2499 the
1309 2457 1422 2510 gods
1442 2456 1531 2498 and
1552 2455 1736 2498 wedded
1764 2461 1810 2497 to

327 2513 465 2555 Hebe.
529 2514 671 2555 These
690 2515 814 2562 lines
844 2514 1057 2561 however
1080 2527 1190 2554 were
1211 2512 1407 2554 obelized
1440 2511 1499 2564 by
1531 2510 1811 2552 Aristarchus

336 2581 384 2607 as
423 2582 530 2608 non-
516 2568 743 2609 -Homeric
781 2567 868 2609 and
910 2569 1195 2608 inconsistent
1234 2566 1338 2607 with
1376 2566 1451 2607 the
1472 2526 1625 2613 ylliad‚
1669 2564 1810 2605 which

333 2638 426 2679 324
