<?xml version="1.0" encoding="UTF-8"?>
<!DOCTYPE html PUBLIC "-//W3C//DTD XHTML 1.0 Transitional//EN"
    "http://www.w3.org/TR/xhtml1/DTD/xhtml1-transitional.dtd">
<html xmlns="http://www.w3.org/1999/xhtml" xml:lang="en" lang="en">
 <head>
  <title>
</title>
<meta http-equiv="Content-Type" content="text/html;charset=utf-8" />
  <meta name='ocr-system' content='tesseract 3.04.00' />
  <meta name='ocr-capabilities' content='ocr_page ocr_carea ocr_par ocr_line ocrx_word'/>
</head>
<body>
  <div class='ocr_page' id='page_1' title='image "./denaturadeorumac00ciceuoft_0084.png"; bbox 0 0 1853 3001; ppageno 0'>
   <div class='ocr_carea' id='block_1_1' title="bbox 902 178 1154 226">
    <p class='ocr_par' dir='ltr' id='par_1_1' title="bbox 902 178 1154 226">
     <span class='ocr_line' id='line_1_1' title="bbox 902 178 1154 226; baseline -0.004 0"><span class='ocrx_word' id='word_1_1' title='bbox 902 178 1154 226; x_wconf 88' lang='lat' dir='ltr'>CICERO</span> 
     </span>
    </p>
   </div>
   <div class='ocr_carea' id='block_1_2' title="bbox 201 305 1777 2165">
    <p class='ocr_par' dir='ltr' id='par_1_2' title="bbox 201 305 1777 2165">
     <span class='ocr_line' id='line_1_2' title="bbox 280 305 1772 377; baseline -0.005 -16"><span class='ocrx_word' id='word_1_2' title='bbox 280 316 463 377; x_wconf 83' lang='lat' dir='ltr'><strong>inquit,</strong></span> <span class='ocrx_word' id='word_1_3' title='bbox 487 310 516 328; x_wconf 90' lang='lat'><strong>“</strong></span> <span class='ocrx_word' id='word_1_4' title='bbox 541 310 720 366; x_wconf 89' lang='lat' dir='ltr'><strong>Vellei,</strong></span> <span class='ocrx_word' id='word_1_5' title='bbox 745 312 840 356; x_wconf 90' lang='lat' dir='ltr'><strong>nisi</strong></span> <span class='ocrx_word' id='word_1_6' title='bbox 863 316 923 356; x_wconf 87' lang='lat' dir='ltr'><strong>tu</strong></span> <span class='ocrx_word' id='word_1_7' title='bbox 948 308 1139 371; x_wconf 91' lang='lat' dir='ltr'><strong>aliquid</strong></span> <span class='ocrx_word' id='word_1_8' title='bbox 1162 308 1392 364; x_wconf 84' lang='lat' dir='ltr'><strong>dixisses,</strong></span> <span class='ocrx_word' id='word_1_9' title='bbox 1416 305 1541 354; x_wconf 82' lang='lat' dir='ltr'><strong>nihil</strong></span> <span class='ocrx_word' id='word_1_10' title='bbox 1563 322 1687 354; x_wconf 90' lang='lat' dir='ltr'><strong>sane</strong></span> <span class='ocrx_word' id='word_1_11' title='bbox 1710 322 1772 354; x_wconf 85' lang='lat' dir='ltr'><strong>ex</strong></span> 
     </span>
     <span class='ocr_line' id='line_1_3' title="bbox 279 382 1773 451; baseline -0.005 -15"><span class='ocrx_word' id='word_1_12' title='bbox 279 405 362 436; x_wconf 90' lang='lat' dir='ltr'><strong>me</strong></span> <span class='ocrx_word' id='word_1_13' title='bbox 399 387 606 451; x_wconf 90' lang='lat' dir='ltr'><strong>quidem</strong></span> <span class='ocrx_word' id='word_1_14' title='bbox 643 385 818 432; x_wconf 83' lang='lat' dir='ltr'><strong>audire</strong></span> <span class='ocrx_word' id='word_1_15' title='bbox 853 387 1120 446; x_wconf 88' lang='lat' dir='ltr'><strong>potuisses.</strong></span> <span class='ocrx_word' id='word_1_16' title='bbox 1191 382 1322 428; x_wconf 85' lang='lat' dir='ltr'><strong>Mihi</strong></span> <span class='ocrx_word' id='word_1_17' title='bbox 1359 385 1495 429; x_wconf 91' lang='lat' dir='ltr'><strong>enim</strong></span> <span class='ocrx_word' id='word_1_18' title='bbox 1529 399 1632 429; x_wconf 92' lang='lat' dir='ltr'><strong>non</strong></span> <span class='ocrx_word' id='word_1_19' title='bbox 1665 388 1773 429; x_wconf 85' lang='lat' dir='ltr'><strong>tam</strong></span> 
     </span>
     <span class='ocr_line' id='line_1_4' title="bbox 279 456 1775 520; baseline -0.005 -11"><span class='ocrx_word' id='word_1_20' title='bbox 279 462 426 510; x_wconf 91' lang='lat' dir='ltr'><strong>facile</strong></span> <span class='ocrx_word' id='word_1_21' title='bbox 448 465 501 507; x_wconf 92' lang='lat' dir='ltr'><strong>in</strong></span> <span class='ocrx_word' id='word_1_22' title='bbox 521 467 751 507; x_wconf 78' lang='lat' dir='ltr'><strong>mentem</strong></span> <span class='ocrx_word' id='word_1_23' title='bbox 774 462 945 505; x_wconf 89' lang='lat' dir='ltr'><strong>venire</strong></span> <span class='ocrx_word' id='word_1_24' title='bbox 968 457 1098 504; x_wconf 89' lang='lat' dir='ltr'><strong>solet</strong></span> <span class='ocrx_word' id='word_1_25' title='bbox 1121 473 1277 520; x_wconf 91' lang='lat' dir='ltr'><strong>quare</strong></span> <span class='ocrx_word' id='word_1_26' title='bbox 1300 473 1476 503; x_wconf 89' lang='lat' dir='ltr'><strong>verum</strong></span> <span class='ocrx_word' id='word_1_27' title='bbox 1497 459 1564 503; x_wconf 85' lang='lat' dir='ltr'><strong>sit</strong></span> <span class='ocrx_word' id='word_1_28' title='bbox 1585 456 1775 520; x_wconf 88' lang='lat' dir='ltr'><strong>aliquid</strong></span> 
     </span>
     <span class='ocr_line' id='line_1_5' title="bbox 280 534 1774 602; baseline -0.004 -18"><span class='ocrx_word' id='word_1_29' title='bbox 280 554 434 602; x_wconf 87' lang='lat' dir='ltr'><strong>quam</strong></span> <span class='ocrx_word' id='word_1_30' title='bbox 465 552 621 599; x_wconf 88' lang='lat' dir='ltr'><strong>quare</strong></span> <span class='ocrx_word' id='word_1_31' title='bbox 651 534 834 581; x_wconf 89' lang='lat' dir='ltr'><strong>falsum</strong></span> <span class='ocrx_word' id='word_1_32' title='bbox 858 550 870 590; x_wconf 93' lang='lat'>;</span> <span class='ocrx_word' id='word_1_33' title='bbox 917 534 1072 596; x_wconf 89' lang='lat' dir='ltr'><strong>idque</strong></span> <span class='ocrx_word' id='word_1_34' title='bbox 1103 550 1219 579; x_wconf 91' lang='lat' dir='ltr'><strong>cum</strong></span> <span class='ocrx_word' id='word_1_35' title='bbox 1248 548 1403 595; x_wconf 89' lang='lat' dir='ltr'><strong>saepe</strong></span> <span class='ocrx_word' id='word_1_36' title='bbox 1432 538 1545 579; x_wconf 89' lang='lat' dir='ltr'><strong>tum</strong></span> <span class='ocrx_word' id='word_1_37' title='bbox 1574 549 1690 578; x_wconf 91' lang='lat' dir='ltr'><strong>cum</strong></span> <span class='ocrx_word' id='word_1_38' title='bbox 1718 538 1774 578; x_wconf 78' lang='lat' dir='ltr'><strong>&#39;te</strong></span> 
     </span>
     <span class='ocr_line' id='line_1_6' title="bbox 279 605 1775 673; baseline -0.005 -14"><span class='ocrx_word' id='word_1_39' title='bbox 279 613 509 660; x_wconf 82' lang='lat' dir='ltr'>audirem</span> <span class='ocrx_word' id='word_1_40' title='bbox 554 609 706 673; x_wconf 90' lang='lat' dir='ltr'><strong>paulo</strong></span> <span class='ocrx_word' id='word_1_41' title='bbox 756 616 876 655; x_wconf 90' lang='lat' dir='ltr'><strong>ante</strong></span> <span class='ocrx_word' id='word_1_42' title='bbox 925 611 1156 671; x_wconf 82' lang='lat' dir='ltr'><strong>contigit.</strong></span> <span class='ocrx_word' id='word_1_43' title='bbox 1224 606 1392 670; x_wconf 85' lang='lat' dir='ltr'><strong>Roges</strong></span> <span class='ocrx_word' id='word_1_44' title='bbox 1439 623 1523 653; x_wconf 90' lang='lat' dir='ltr'><strong>me</strong></span> <span class='ocrx_word' id='word_1_45' title='bbox 1571 605 1775 669; x_wconf 90' lang='lat' dir='ltr'><strong>qualem</strong></span> 
     </span>
     <span class='ocr_line' id='line_1_7' title="bbox 279 681 1776 744; baseline -0.005 -10"><span class='ocrx_word' id='word_1_46' title='bbox 279 695 516 734; x_wconf 88' lang='lat' dir='ltr'><strong>naturam</strong></span> <span class='ocrx_word' id='word_1_47' title='bbox 548 686 759 732; x_wconf 89' lang='lat' dir='ltr'><strong>deorum</strong></span> <span class='ocrx_word' id='word_1_48' title='bbox 794 700 903 730; x_wconf 92' lang='lat' dir='ltr'><strong>esse</strong></span> <span class='ocrx_word' id='word_1_49' title='bbox 937 684 1137 738; x_wconf 83' lang='lat' dir='ltr'><strong>ducam,</strong></span> <span class='ocrx_word' id='word_1_50' title='bbox 1170 681 1294 728; x_wconf 85' lang='lat' dir='ltr'><strong>nihil</strong></span> <span class='ocrx_word' id='word_1_51' title='bbox 1323 681 1539 728; x_wconf 86' lang='lat' dir='ltr'><strong>fortasse</strong></span> <span class='ocrx_word' id='word_1_52' title='bbox 1569 698 1776 744; x_wconf 90' lang='lat' dir='ltr'><strong>respon-</strong></span> 
     </span>
     <span class='ocr_line' id='line_1_8' title="bbox 279 755 1777 823; baseline -0.005 -14"><span class='ocrx_word' id='word_1_53' title='bbox 279 763 465 816; x_wconf 86' lang='lat' dir='ltr'><strong>deam3</strong></span> <span class='ocrx_word' id='word_1_54' title='bbox 515 776 729 823; x_wconf 81' lang='lat' dir='ltr'><strong>quaeras</strong></span> <span class='ocrx_word' id='word_1_55' title='bbox 759 766 1007 821; x_wconf 77' lang='lat' dir='ltr'><strong>putemne</strong></span> <span class='ocrx_word' id='word_1_56' title='bbox 1038 757 1198 804; x_wconf 86' lang='lat' dir='ltr'><strong>talem</strong></span> <span class='ocrx_word' id='word_1_57' title='bbox 1230 773 1339 803; x_wconf 90' lang='lat' dir='ltr'><strong>esse</strong></span> <span class='ocrx_word' id='word_1_58' title='bbox 1372 755 1532 820; x_wconf 91' lang='lat' dir='ltr'><strong>qualis</strong></span> <span class='ocrx_word' id='word_1_59' title='bbox 1563 757 1714 804; x_wconf 90' lang='lat' dir='ltr'><strong>modo</strong></span> <span class='ocrx_word' id='word_1_60' title='bbox 1746 772 1777 802; x_wconf 92' lang='lat' dir='ltr'><strong>a</strong></span> 
     </span>
     <span class='ocr_line' id='line_1_9' title="bbox 278 830 1776 897; baseline -0.004 -13"><span class='ocrx_word' id='word_1_61' title='bbox 278 845 334 884; x_wconf 83' lang='lat' dir='ltr'><strong>te</strong></span> <span class='ocrx_word' id='word_1_62' title='bbox 364 840 430 883; x_wconf 88' lang='lat' dir='ltr'><strong>sit</strong></span> <span class='ocrx_word' id='word_1_63' title='bbox 460 838 709 897; x_wconf 87' lang='lat' dir='ltr'><strong>exposita,</strong></span> <span class='ocrx_word' id='word_1_64' title='bbox 739 833 863 879; x_wconf 82' lang='lat' dir='ltr'>nihil</span> <span class='ocrx_word' id='word_1_65' title='bbox 892 834 1057 880; x_wconf 83' lang='lat' dir='ltr'><strong>dicam</strong></span> <span class='ocrx_word' id='word_1_66' title='bbox 1085 831 1210 878; x_wconf 83' lang='lat' dir='ltr'><strong>mihi</strong></span> <span class='ocrx_word' id='word_1_67' title='bbox 1238 832 1398 879; x_wconf 78' lang='lat' dir='ltr'><strong>videri</strong></span> <span class='ocrx_word' id='word_1_68' title='bbox 1424 835 1606 878; x_wconf 89' lang='lat' dir='ltr'><strong>minus.</strong></span> <span class='ocrx_word' id='word_1_69' title='bbox 1674 830 1776 878; x_wconf 92' lang='lat' dir='ltr'><strong>Sed</strong></span> 
     </span>
     <span class='ocr_line' id='line_1_10' title="bbox 280 907 1777 973; baseline -0.003 -16"><span class='ocrx_word' id='word_1_70' title='bbox 280 919 401 958; x_wconf 87' lang='lat' dir='ltr'><strong>ante</strong></span> <span class='ocrx_word' id='word_1_71' title='bbox 425 926 579 973; x_wconf 90' lang='lat' dir='ltr'><strong>quam</strong></span> <span class='ocrx_word' id='word_1_72' title='bbox 603 909 872 972; x_wconf 86' lang='lat' dir='ltr'><strong>adgrediar</strong></span> <span class='ocrx_word' id='word_1_73' title='bbox 895 908 961 954; x_wconf 92' lang='lat' dir='ltr'><strong>ad</strong></span> <span class='ocrx_word' id='word_1_74' title='bbox 985 924 1045 954; x_wconf 87' lang='lat' dir='ltr'><strong>ea</strong></span> <span class='ocrx_word' id='word_1_75' title='bbox 1069 923 1201 970; x_wconf 90' lang='lat' dir='ltr'><strong>quae</strong></span> <span class='ocrx_word' id='word_1_76' title='bbox 1225 923 1255 953; x_wconf 91' lang='lat' dir='ltr'><strong>a</strong></span> <span class='ocrx_word' id='word_1_77' title='bbox 1277 913 1332 953; x_wconf 88' lang='lat' dir='ltr'><strong>te</strong></span> <span class='ocrx_word' id='word_1_78' title='bbox 1355 907 1618 968; x_wconf 90' lang='lat' dir='ltr'><strong>disputata</strong></span> <span class='ocrx_word' id='word_1_79' title='bbox 1640 913 1777 962; x_wconf 84' lang='lat' dir='ltr'><strong>sunt,</strong></span> 
     </span>
     <span class='ocr_line' id='line_1_11' title="bbox 201 980 1772 1047; baseline -0.003 -14"><span class='ocrx_word' id='word_1_80' title='bbox 201 994 256 1033; x_wconf 88' lang='lat'><strong>58</strong></span> <span class='ocrx_word' id='word_1_81' title='bbox 281 987 345 1033; x_wconf 91' lang='lat' dir='ltr'><strong>de</strong></span> <span class='ocrx_word' id='word_1_82' title='bbox 373 993 429 1032; x_wconf 87' lang='lat' dir='ltr'><strong>te</strong></span> <span class='ocrx_word' id='word_1_83' title='bbox 456 989 564 1047; x_wconf 90' lang='lat' dir='ltr'><strong>ipso</strong></span> <span class='ocrx_word' id='word_1_84' title='bbox 594 985 759 1031; x_wconf 86' lang='lat' dir='ltr'><strong>dicam</strong></span> <span class='ocrx_word' id='word_1_85' title='bbox 789 983 911 1046; x_wconf 89' lang='lat' dir='ltr'><strong>quid</strong></span> <span class='ocrx_word' id='word_1_86' title='bbox 939 985 1171 1029; x_wconf 88' lang='lat' dir='ltr'><strong>sentiam.</strong></span> <span class='ocrx_word' id='word_1_87' title='bbox 1241 980 1406 1043; x_wconf 84' lang='lat' dir='ltr'><strong>Saepe</strong></span> <span class='ocrx_word' id='word_1_88' title='bbox 1435 985 1570 1027; x_wconf 87' lang='lat' dir='ltr'><strong>enim</strong></span> <span class='ocrx_word' id='word_1_89' title='bbox 1599 981 1663 1028; x_wconf 91' lang='lat' dir='ltr'><strong>de</strong></span> <span class='ocrx_word' id='word_1_90' title='bbox 1693 980 1772 1044; x_wconf 95' lang='lat' dir='ltr'><strong>[L.</strong></span> 
     </span>
     <span class='ocr_line' id='line_1_12' title="bbox 281 1057 1775 1123; baseline -0.003 -16"><span class='ocrx_word' id='word_1_91' title='bbox 281 1059 500 1123; x_wconf 86' lang='lat' dir='ltr'><strong>Crasso]l</strong></span> <span class='ocrx_word' id='word_1_92' title='bbox 517 1058 751 1105; x_wconf 76' lang='lat' dir='ltr'><strong>familiari</strong></span> <span class='ocrx_word' id='word_1_93' title='bbox 765 1057 849 1104; x_wconf 87' lang='lat' dir='ltr'><strong>illo</strong></span> <span class='ocrx_word' id='word_1_94' title='bbox 866 1065 957 1104; x_wconf 92' lang='lat' dir='ltr'><strong>tuo</strong></span> <span class='ocrx_word' id='word_1_95' title='bbox 975 1058 1149 1103; x_wconf 85' lang='lat' dir='ltr'><strong>videor</strong></span> <span class='ocrx_word' id='word_1_96' title='bbox 1166 1057 1366 1103; x_wconf 83' lang='lat' dir='ltr'><strong>audisse</strong></span> <span class='ocrx_word' id='word_1_97' title='bbox 1383 1072 1498 1102; x_wconf 92' lang='lat' dir='ltr'><strong>cum</strong></span> <span class='ocrx_word' id='word_1_98' title='bbox 1514 1062 1568 1102; x_wconf 87' lang='lat' dir='ltr'><strong>te</strong></span> <span class='ocrx_word' id='word_1_99' title='bbox 1585 1059 1775 1119; x_wconf 85' lang='lat' dir='ltr'><strong>togatis</strong></span> 
     </span>
     <span class='ocr_line' id='line_1_13' title="bbox 281 1131 1777 1193; baseline -0.003 -11"><span class='ocrx_word' id='word_1_100' title='bbox 281 1135 513 1183; x_wconf 88' lang='lat' dir='ltr'><strong>omnibus</strong></span> <span class='ocrx_word' id='word_1_101' title='bbox 548 1137 654 1180; x_wconf 89' lang='lat' dir='ltr'><strong>sine</strong></span> <span class='ocrx_word' id='word_1_102' title='bbox 690 1133 843 1179; x_wconf 88' lang='lat' dir='ltr'><strong>dubio</strong></span> <span class='ocrx_word' id='word_1_103' title='bbox 879 1131 1199 1187; x_wconf 86' lang='lat' dir='ltr'><strong>anteferret,2</strong></span> <span class='ocrx_word' id='word_1_104' title='bbox 1231 1147 1417 1193; x_wconf 90' lang='lat' dir='ltr'><strong>paucos</strong></span> <span class='ocrx_word' id='word_1_105' title='bbox 1451 1137 1623 1177; x_wconf 91' lang='lat' dir='ltr'><strong>tecum</strong></span> <span class='ocrx_word' id='word_1_106' title='bbox 1656 1131 1777 1193; x_wconf 92' lang='lat' dir='ltr'><strong>Epi-</strong></span> 
     </span>
     <span class='ocr_line' id='line_1_14' title="bbox 280 1205 1775 1268; baseline -0.003 -12"><span class='ocrx_word' id='word_1_107' title='bbox 280 1225 456 1256; x_wconf 85' lang='lat' dir='ltr'><strong>cureos</strong></span> <span class='ocrx_word' id='word_1_108' title='bbox 495 1224 522 1254; x_wconf 95' lang='lat' dir='ltr'><strong>e</strong></span> <span class='ocrx_word' id='word_1_109' title='bbox 562 1207 775 1253; x_wconf 86' lang='lat' dir='ltr'><strong>Graecia</strong></span> <span class='ocrx_word' id='word_1_110' title='bbox 812 1212 1165 1268; x_wconf 80' lang='lat' dir='ltr'><strong>compararet3</strong></span> <span class='ocrx_word' id='word_1_111' title='bbox 1220 1205 1312 1251; x_wconf 92' lang='lat' dir='ltr'><strong>sed</strong></span> <span class='ocrx_word' id='word_1_112' title='bbox 1348 1205 1484 1268; x_wconf 91' lang='lat' dir='ltr'><strong>quod</strong></span> <span class='ocrx_word' id='word_1_113' title='bbox 1522 1205 1586 1251; x_wconf 92' lang='lat' dir='ltr'><strong>ab</strong></span> <span class='ocrx_word' id='word_1_114' title='bbox 1623 1220 1684 1252; x_wconf 92' lang='lat' dir='ltr'><strong>eo</strong></span> <span class='ocrx_word' id='word_1_115' title='bbox 1720 1212 1775 1251; x_wconf 87' lang='lat' dir='ltr'><strong>te</strong></span> 
     </span>
     <span class='ocr_line' id='line_1_15' title="bbox 280 1279 1777 1345; baseline -0.003 -15"><span class='ocrx_word' id='word_1_116' title='bbox 280 1283 487 1330; x_wconf 86' lang='lat' dir='ltr'><strong>mirifice</strong></span> <span class='ocrx_word' id='word_1_117' title='bbox 516 1282 657 1345; x_wconf 82' lang='lat' dir='ltr'><strong>diligi</strong></span> <span class='ocrx_word' id='word_1_118' title='bbox 682 1280 1065 1344; x_wconf 68' lang='lat' dir='ltr'><strong>intellegebam,</strong></span> <span class='ocrx_word' id='word_1_119' title='bbox 1094 1280 1376 1326; x_wconf 86' lang='lat' dir='ltr'><strong>arbitrabar</strong></span> <span class='ocrx_word' id='word_1_120' title='bbox 1401 1279 1542 1325; x_wconf 88' lang='lat' dir='ltr'><strong>illum</strong></span> <span class='ocrx_word' id='word_1_121' title='bbox 1567 1286 1777 1342; x_wconf 87' lang='lat' dir='ltr'><strong>propter</strong></span> 
     </span>
     <span class='ocr_line' id='line_1_16' title="bbox 279 1354 1775 1418; baseline -0.003 -13"><span class='ocrx_word' id='word_1_122' title='bbox 279 1357 677 1406; x_wconf 87' lang='lat' dir='ltr'><strong>benivolentiam</strong></span> <span class='ocrx_word' id='word_1_123' title='bbox 715 1357 918 1402; x_wconf 87' lang='lat' dir='ltr'><strong>uberius</strong></span> <span class='ocrx_word' id='word_1_124' title='bbox 956 1356 1009 1401; x_wconf 87' lang='lat' dir='ltr'><strong>id</strong></span> <span class='ocrx_word' id='word_1_125' title='bbox 1047 1355 1230 1402; x_wconf 86' lang='lat' dir='ltr'><strong>dicere.</strong></span> <span class='ocrx_word' id='word_1_126' title='bbox 1299 1354 1410 1418; x_wconf 84' lang='lat' dir='ltr'><strong>Ego</strong></span> <span class='ocrx_word' id='word_1_127' title='bbox 1449 1361 1641 1410; x_wconf 88' lang='lat' dir='ltr'><strong>autem,</strong></span> <span class='ocrx_word' id='word_1_128' title='bbox 1680 1356 1775 1401; x_wconf 91' lang='lat' dir='ltr'><strong>etsi</strong></span> 
     </span>
     <span class='ocr_line' id='line_1_17' title="bbox 280 1429 1776 1492; baseline -0.002 -13"><span class='ocrx_word' id='word_1_129' title='bbox 280 1449 456 1479; x_wconf 89' lang='lat' dir='ltr'><strong>vereor</strong></span> <span class='ocrx_word' id='word_1_130' title='bbox 506 1431 715 1478; x_wconf 88' lang='lat' dir='ltr'><strong>laudare</strong></span> <span class='ocrx_word' id='word_1_131' title='bbox 766 1436 1110 1492; x_wconf 75' lang='lat' dir='ltr'><strong>praesentem,</strong></span> <span class='ocrx_word' id='word_1_132' title='bbox 1160 1429 1326 1476; x_wconf 82' lang='lat' dir='ltr'><strong>iudico</strong></span> <span class='ocrx_word' id='word_1_133' title='bbox 1377 1436 1554 1475; x_wconf 89' lang='lat' dir='ltr'><strong>tamen</strong></span> <span class='ocrx_word' id='word_1_134' title='bbox 1605 1429 1670 1476; x_wconf 92' lang='lat' dir='ltr'><strong>de</strong></span> <span class='ocrx_word' id='word_1_135' title='bbox 1719 1444 1776 1476; x_wconf 91' lang='lat' dir='ltr'><strong>re</strong></span> 
     </span>
     <span class='ocr_line' id='line_1_18' title="bbox 281 1503 1776 1569; baseline -0.002 -15"><span class='ocrx_word' id='word_1_136' title='bbox 281 1508 491 1555; x_wconf 91' lang='lat' dir='ltr'><strong>obscura</strong></span> <span class='ocrx_word' id='word_1_137' title='bbox 512 1514 667 1569; x_wconf 87' lang='lat' dir='ltr'><strong>atque</strong></span> <span class='ocrx_word' id='word_1_138' title='bbox 687 1504 871 1552; x_wconf 83' lang='lat' dir='ltr'><strong>difficili</strong></span> <span class='ocrx_word' id='word_1_139' title='bbox 891 1522 919 1550; x_wconf 91' lang='lat' dir='ltr'><strong>a</strong></span> <span class='ocrx_word' id='word_1_140' title='bbox 937 1512 991 1551; x_wconf 90' lang='lat' dir='ltr'><strong>te</strong></span> <span class='ocrx_word' id='word_1_141' title='bbox 1012 1505 1205 1551; x_wconf 88' lang='lat' dir='ltr'><strong>dictum</strong></span> <span class='ocrx_word' id='word_1_142' title='bbox 1225 1520 1334 1550; x_wconf 91' lang='lat' dir='ltr'><strong>esse</strong></span> <span class='ocrx_word' id='word_1_143' title='bbox 1354 1503 1589 1560; x_wconf 81' lang='lat' dir='ltr'><strong>dilucide,</strong></span> <span class='ocrx_word' id='word_1_144' title='bbox 1607 1519 1776 1566; x_wconf 89' lang='lat' dir='ltr'><strong>neque</strong></span> 
     </span>
     <span class='ocr_line' id='line_1_19' title="bbox 281 1579 1775 1641; baseline -0.003 -12"><span class='ocrx_word' id='word_1_145' title='bbox 281 1585 547 1629; x_wconf 77' lang='lat' dir='ltr'><strong>sententiis</strong></span> <span class='ocrx_word' id='word_1_146' title='bbox 587 1580 747 1627; x_wconf 92' lang='lat' dir='ltr'><strong>solum</strong></span> <span class='ocrx_word' id='word_1_147' title='bbox 786 1583 986 1641; x_wconf 88' lang='lat' dir='ltr'><strong>copiose</strong></span> <span class='ocrx_word' id='word_1_148' title='bbox 1025 1579 1116 1626; x_wconf 87' lang='lat' dir='ltr'><strong>sed</strong></span> <span class='ocrx_word' id='word_1_149' title='bbox 1153 1579 1317 1624; x_wconf 89' lang='lat' dir='ltr'><strong>verbis</strong></span> <span class='ocrx_word' id='word_1_150' title='bbox 1357 1582 1513 1625; x_wconf 88' lang='lat' dir='ltr'><strong>etiam</strong></span> <span class='ocrx_word' id='word_1_151' title='bbox 1550 1582 1775 1625; x_wconf 89' lang='lat' dir='ltr'><strong>ornatius</strong></span> 
     </span>
     <span class='ocr_line' id='line_1_20' title="bbox 201 1651 1777 1720; baseline -0.002 -18"><span class='ocrx_word' id='word_1_152' title='bbox 201 1663 257 1703; x_wconf 84' lang='lat'><strong>59</strong></span> <span class='ocrx_word' id='word_1_153' title='bbox 282 1673 434 1720; x_wconf 90' lang='lat' dir='ltr'><strong>quam</strong></span> <span class='ocrx_word' id='word_1_154' title='bbox 471 1655 637 1702; x_wconf 83' lang='lat' dir='ltr'><strong>solent</strong></span> <span class='ocrx_word' id='word_1_155' title='bbox 666 1657 835 1700; x_wconf 86' lang='lat' dir='ltr'><strong>vestri.</strong></span> <span class='ocrx_word' id='word_1_156' title='bbox 938 1653 1213 1708; x_wconf 90' lang='lat' dir='ltr'><strong>Zenonem,</strong></span> <span class='ocrx_word' id='word_1_157' title='bbox 1243 1669 1396 1715; x_wconf 92' lang='lat' dir='ltr'><strong>quem</strong></span> <span class='ocrx_word' id='word_1_158' title='bbox 1429 1651 1572 1700; x_wconf 86' lang='lat' dir='ltr'><strong>Philo</strong></span> <span class='ocrx_word' id='word_1_159' title='bbox 1603 1659 1777 1699; x_wconf 82' lang='lat' dir='ltr'><strong>noster</strong></span> 
     </span>
     <span class='ocr_line' id='line_1_21' title="bbox 280 1726 1775 1793; baseline -0.003 -16"><span class='ocrx_word' id='word_1_160' title='bbox 280 1729 623 1793; x_wconf 86' lang='lat' dir='ltr'><strong>coryphaeum</strong></span> <span class='ocrx_word' id='word_1_161' title='bbox 675 1728 931 1791; x_wconf 89' lang='lat' dir='ltr'><strong>appellare</strong></span> <span class='ocrx_word' id='word_1_162' title='bbox 983 1728 1347 1790; x_wconf 88' lang='lat' dir='ltr'><strong>Epicureorum</strong></span> <span class='ocrx_word' id='word_1_163' title='bbox 1396 1726 1610 1783; x_wconf 86' lang='lat' dir='ltr'><strong>solebat,</strong></span> <span class='ocrx_word' id='word_1_164' title='bbox 1660 1743 1775 1773; x_wconf 91' lang='lat' dir='ltr'><strong>cum</strong></span> 
     </span>
     <span class='ocr_line' id='line_1_22' title="bbox 281 1801 1775 1865; baseline -0.003 -13"><span class='ocrx_word' id='word_1_165' title='bbox 281 1804 498 1852; x_wconf 85' lang='lat' dir='ltr'><strong>Athenis</strong></span> <span class='ocrx_word' id='word_1_166' title='bbox 526 1820 689 1850; x_wconf 86' lang='lat' dir='ltr'><strong>essem</strong></span> <span class='ocrx_word' id='word_1_167' title='bbox 717 1803 987 1849; x_wconf 88' lang='lat' dir='ltr'><strong>audiebam</strong></span> <span class='ocrx_word' id='word_1_168' title='bbox 1013 1801 1328 1865; x_wconf 88' lang='lat' dir='ltr'><strong>frequenter,</strong></span> <span class='ocrx_word' id='word_1_169' title='bbox 1355 1808 1409 1848; x_wconf 87' lang='lat' dir='ltr'><strong>et</strong></span> <span class='ocrx_word' id='word_1_170' title='bbox 1435 1802 1641 1864; x_wconf 86' lang='lat' dir='ltr'><strong>quidem</strong></span> <span class='ocrx_word' id='word_1_171' title='bbox 1666 1805 1775 1864; x_wconf 89' lang='lat' dir='ltr'><strong>ipso</strong></span> 
     </span>
     <span class='ocr_line' id='line_1_23' title="bbox 281 1875 1774 1940; baseline -0.003 -14"><span class='ocrx_word' id='word_1_172' title='bbox 281 1887 487 1926; x_wconf 87' lang='lat' dir='ltr'><strong>auctore</strong></span> <span class='ocrx_word' id='word_1_173' title='bbox 524 1877 950 1924; x_wconf 88' lang='lat' dir='ltr'><strong>Philone—credo</strong></span> <span class='ocrx_word' id='word_1_174' title='bbox 986 1883 1045 1923; x_wconf 87' lang='lat' dir='ltr'><strong>ut</strong></span> <span class='ocrx_word' id='word_1_175' title='bbox 1085 1875 1278 1923; x_wconf 87' lang='lat' dir='ltr'><strong>facilius</strong></span> <span class='ocrx_word' id='word_1_176' title='bbox 1312 1876 1587 1923; x_wconf 91' lang='lat' dir='ltr'><strong>iudicarem</strong></span> <span class='ocrx_word' id='word_1_177' title='bbox 1622 1892 1774 1940; x_wconf 90' lang='lat' dir='ltr'><strong>quam</strong></span> 
     </span>
     <span class='ocr_line' id='line_1_24' title="bbox 280 1951 1771 2014; baseline -0.003 -13"><span class='ocrx_word' id='word_1_178' title='bbox 280 1954 363 2001; x_wconf 90' lang='lat' dir='ltr'><strong>illa</strong></span> <span class='ocrx_word' id='word_1_179' title='bbox 391 1955 523 2001; x_wconf 90' lang='lat' dir='ltr'><strong>bene</strong></span> <span class='ocrx_word' id='word_1_180' title='bbox 553 1952 908 1999; x_wconf 87' lang='lat' dir='ltr'><strong>refellerentur</strong></span> <span class='ocrx_word' id='word_1_181' title='bbox 943 1968 1057 1998; x_wconf 91' lang='lat' dir='ltr'><strong>cum</strong></span> <span class='ocrx_word' id='word_1_182' title='bbox 1088 1968 1117 1998; x_wconf 92' lang='lat' dir='ltr'><strong>a</strong></span> <span class='ocrx_word' id='word_1_183' title='bbox 1151 1955 1376 2014; x_wconf 84' lang='lat' dir='ltr'><strong>principe</strong></span> <span class='ocrx_word' id='word_1_184' title='bbox 1412 1951 1771 2014; x_wconf 87' lang='lat' dir='ltr'><strong>Epicureorum</strong></span> 
     </span>
     <span class='ocr_line' id='line_1_25' title="bbox 281 2025 1775 2091; baseline -0.003 -15"><span class='ocrx_word' id='word_1_185' title='bbox 281 2032 586 2091; x_wconf 86' lang='lat' dir='ltr'><strong>accepissem</strong></span> <span class='ocrx_word' id='word_1_186' title='bbox 612 2044 764 2091; x_wconf 91' lang='lat' dir='ltr'><strong>quem</strong></span> <span class='ocrx_word' id='word_1_187' title='bbox 791 2028 855 2074; x_wconf 89' lang='lat' dir='ltr'><strong>ad</strong></span> <span class='ocrx_word' id='word_1_188' title='bbox 878 2027 1086 2073; x_wconf 89' lang='lat' dir='ltr'><strong>modum</strong></span> <span class='ocrx_word' id='word_1_189' title='bbox 1111 2027 1414 2073; x_wconf 88' lang='lat' dir='ltr'><strong>dicerentur.</strong></span> <span class='ocrx_word' id='word_1_190' title='bbox 1483 2025 1597 2073; x_wconf 92' lang='lat' dir='ltr'><strong>Non</strong></span> <span class='ocrx_word' id='word_1_191' title='bbox 1619 2029 1775 2089; x_wconf 85' lang='lat' dir='ltr'><strong>igitur</strong></span> 
     </span>
     <span class='ocr_line' id='line_1_26' title="bbox 281 2101 1775 2165; baseline -0.001 -16"><span class='ocrx_word' id='word_1_192' title='bbox 281 2103 363 2149; x_wconf 91' lang='lat' dir='ltr'><strong>ille</strong></span> <span class='ocrx_word' id='word_1_193' title='bbox 384 2110 442 2149; x_wconf 83' lang='lat' dir='ltr'><strong>ut</strong></span> <span class='ocrx_word' id='word_1_194' title='bbox 460 2102 707 2165; x_wconf 87' lang='lat' dir='ltr'><strong>plerique,</strong></span> <span class='ocrx_word' id='word_1_195' title='bbox 727 2102 817 2148; x_wconf 89' lang='lat' dir='ltr'><strong>sed</strong></span> <span class='ocrx_word' id='word_1_196' title='bbox 836 2105 934 2148; x_wconf 91' lang='lat' dir='ltr'><strong>isto</strong></span> <span class='ocrx_word' id='word_1_197' title='bbox 953 2101 1103 2147; x_wconf 92' lang='lat' dir='ltr'><strong>modo</strong></span> <span class='ocrx_word' id='word_1_198' title='bbox 1124 2108 1182 2146; x_wconf 85' lang='lat' dir='ltr'><strong>ut</strong></span> <span class='ocrx_word' id='word_1_199' title='bbox 1200 2107 1276 2156; x_wconf 87' lang='lat' dir='ltr'><strong>tu,</strong></span> <span class='ocrx_word' id='word_1_200' title='bbox 1297 2101 1534 2147; x_wconf 86' lang='lat' dir='ltr'><strong>distincte</strong></span> <span class='ocrx_word' id='word_1_201' title='bbox 1552 2103 1775 2164; x_wconf 79' lang='lat' dir='ltr'><strong>graviter</strong></span> 
     </span>
    </p>
   </div>
   <div class='ocr_carea' id='block_1_3' title="bbox 284 2196 1775 2305">
    <p class='ocr_par' dir='ltr' id='par_1_3' title="bbox 284 2196 1775 2305">
     <span class='ocr_line' id='line_1_27' title="bbox 347 2196 1775 2250; baseline 0 -12"><span class='ocrx_word' id='word_1_202' title='bbox 347 2200 363 2224; x_wconf 83' lang='lat'>1</span> <span class='ocrx_word' id='word_1_203' title='bbox 396 2199 465 2250; x_wconf 80' lang='lat' dir='ltr'><strong>[L.</strong></span> <span class='ocrx_word' id='word_1_204' title='bbox 490 2198 664 2249; x_wconf 78' lang='lat' dir='ltr'><strong>Crasso]</strong></span> <span class='ocrx_word' id='word_1_205' title='bbox 689 2212 769 2238; x_wconf 81' lang='lat' dir='ltr'><strong>om.</strong></span> <span class='ocrx_word' id='word_1_206' title='bbox 793 2198 835 2237; x_wconf 79' lang='lat' dir='ltr'><em>A</em></span> <span class='ocrx_word' id='word_1_207' title='bbox 858 2215 867 2238; x_wconf 91' lang='lat'><strong>:</strong></span> <span class='ocrx_word' id='word_1_208' title='bbox 906 2211 1061 2238; x_wconf 77' lang='lat' dir='ltr'><strong>nomen</strong></span> <span class='ocrx_word' id='word_1_209' title='bbox 1084 2196 1294 2249; x_wconf 75' lang='lat' dir='ltr'><strong>Epicurei</strong></span> <span class='ocrx_word' id='word_1_210' title='bbox 1317 2197 1547 2238; x_wconf 71' lang='lat' dir='ltr'><strong>cuiusdam</strong></span> <span class='ocrx_word' id='word_1_211' title='bbox 1568 2197 1775 2238; x_wconf 68' lang='lat' dir='ltr'><strong>eoecidisw</strong></span> 
     </span>
     <span class='ocr_line' id='line_1_28' title="bbox 284 2251 1583 2305; baseline -0.003 -11"><span class='ocrx_word' id='word_1_212' title='bbox 284 2254 535 2305; x_wconf 73' lang='lat' dir='ltr'><strong>suspicatur</strong></span> <span class='ocrx_word' id='word_1_213' title='bbox 560 2252 732 2303; x_wconf 36' lang='lat' dir='ltr'><strong>illa-vor.</strong></span> <span class='ocrx_word' id='word_1_214' title='bbox 1116 2251 1133 2274; x_wconf 83' lang='lat'>2</span> <span class='ocrx_word' id='word_1_215' title='bbox 1163 2252 1399 2291; x_wconf 84' lang='lat' dir='ltr'><strong>anteferret</strong></span> <span class='ocrx_word' id='word_1_216' title='bbox 1417 2255 1460 2290; x_wconf 88' lang='lat' dir='ltr'><strong>et</strong></span> <span class='ocrx_word' id='word_1_217' title='bbox 1481 2251 1583 2290; x_wconf 77' lang='lat' dir='ltr'><strong>dett.</strong></span> 
     </span>
    </p>
   </div>
   <div class='ocr_carea' id='block_1_4' title="bbox 286 2353 1776 2559">
    <p class='ocr_par' dir='ltr' id='par_1_4' title="bbox 286 2353 1776 2559">
     <span class='ocr_line' id='line_1_29' title="bbox 344 2353 1776 2408; baseline -0.001 -11"><span class='ocrx_word' id='word_1_218' title='bbox 344 2361 364 2377; x_wconf 79' lang='lat'><strong>‘⁸</strong></span> <span class='ocrx_word' id='word_1_219' title='bbox 394 2356 499 2397; x_wconf 83' lang='lat' dir='ltr'><strong>This</strong></span> <span class='ocrx_word' id='word_1_220' title='bbox 526 2370 656 2397; x_wconf 90' lang='lat' dir='ltr'><strong>name</strong></span> <span class='ocrx_word' id='word_1_221' title='bbox 682 2358 717 2397; x_wconf 90' lang='lat' dir='ltr'><strong>is</strong></span> <span class='ocrx_word' id='word_1_222' title='bbox 743 2355 932 2396; x_wconf 81' lang='lat' dir='ltr'><strong>inserted</strong></span> <span class='ocrx_word' id='word_1_223' title='bbox 959 2355 1021 2408; x_wconf 89' lang='lat' dir='ltr'><strong>by</strong></span> <span class='ocrx_word' id='word_1_224' title='bbox 1046 2368 1167 2396; x_wconf 91' lang='lat' dir='ltr'><strong>some</strong></span> <span class='ocrx_word' id='word_1_225' title='bbox 1193 2369 1302 2403; x_wconf 66' lang='lat' dir='ltr'>MSS„</span> <span class='ocrx_word' id='word_1_226' title='bbox 1327 2355 1409 2395; x_wconf 90' lang='lat' dir='ltr'><strong>but</strong></span> <span class='ocrx_word' id='word_1_227' title='bbox 1435 2354 1617 2396; x_wconf 86' lang='lat' dir='ltr'><strong>Crassus</strong></span> <span class='ocrx_word' id='word_1_228' title='bbox 1642 2355 1687 2395; x_wconf 88' lang='lat' dir='ltr'><strong>in</strong></span> <span class='ocrx_word' id='word_1_229' title='bbox 1712 2353 1776 2396; x_wconf 78' lang='lat' dir='ltr'><strong>De</strong></span> 
     </span>
     <span class='ocr_line' id='line_1_30' title="bbox 286 2407 1776 2462; baseline -0.001 -11"><span class='ocrx_word' id='word_1_230' title='bbox 286 2416 470 2457; x_wconf 75' lang='lat' dir='ltr'><strong>oratore,</strong></span> <span class='ocrx_word' id='word_1_231' title='bbox 494 2413 552 2450; x_wconf 87' lang='lat' dir='ltr'><strong>iii.</strong></span> <span class='ocrx_word' id='word_1_232' title='bbox 577 2414 629 2450; x_wconf 84' lang='lat'><strong>77</strong></span> <span class='ocrx_word' id='word_1_233' title='bbox 649 2412 696 2457; x_wconf 88' lang='lat' dir='ltr'><strong>f.‚</strong></span> <span class='ocrx_word' id='word_1_234' title='bbox 719 2411 754 2449; x_wconf 91' lang='lat' dir='ltr'><strong>is</strong></span> <span class='ocrx_word' id='word_1_235' title='bbox 780 2410 909 2449; x_wconf 85' lang='lat' dir='ltr'><strong>made</strong></span> <span class='ocrx_word' id='word_1_236' title='bbox 933 2414 978 2450; x_wconf 89' lang='lat' dir='ltr'><strong>to</strong></span> <span class='ocrx_word' id='word_1_237' title='bbox 998 2408 1197 2449; x_wconf 90' lang='lat' dir='ltr'><strong>disclaim</strong></span> <span class='ocrx_word' id='word_1_238' title='bbox 1218 2423 1308 2460; x_wconf 88' lang='lat' dir='ltr'><strong>any</strong></span> <span class='ocrx_word' id='word_1_239' title='bbox 1328 2408 1491 2460; x_wconf 89' lang='lat' dir='ltr'><strong>special</strong></span> <span class='ocrx_word' id='word_1_240' title='bbox 1514 2407 1776 2462; x_wconf 87' lang='lat' dir='ltr'><strong>knowledge</strong></span> 
     </span>
     <span class='ocr_line' id='line_1_31' title="bbox 286 2462 1774 2516; baseline -0.001 -11"><span class='ocrx_word' id='word_1_241' title='bbox 286 2465 338 2505; x_wconf 88' lang='lat' dir='ltr'><strong>of</strong></span> <span class='ocrx_word' id='word_1_242' title='bbox 368 2464 648 2516; x_wconf 84' lang='lat' dir='ltr'><strong>philosophy.</strong></span> <span class='ocrx_word' id='word_1_243' title='bbox 719 2463 942 2515; x_wconf 85' lang='lat' dir='ltr'><strong>Probably</strong></span> <span class='ocrx_word' id='word_1_244' title='bbox 978 2464 1052 2503; x_wconf 82' lang='lat' dir='ltr'><strong>the</strong></span> <span class='ocrx_word' id='word_1_245' title='bbox 1088 2476 1218 2503; x_wconf 86' lang='lat' dir='ltr'><strong>name</strong></span> <span class='ocrx_word' id='word_1_246' title='bbox 1254 2464 1305 2503; x_wconf 90' lang='lat' dir='ltr'><strong>of</strong></span> <span class='ocrx_word' id='word_1_247' title='bbox 1335 2475 1458 2504; x_wconf 89' lang='lat' dir='ltr'><strong>some</strong></span> <span class='ocrx_word' id='word_1_248' title='bbox 1492 2462 1774 2515; x_wconf 86' lang='lat' dir='ltr'><strong>philosopher</strong></span> 
     </span>
     <span class='ocr_line' id='line_1_32' title="bbox 288 2515 1304 2559; baseline -0.001 0"><span class='ocrx_word' id='word_1_249' title='bbox 288 2518 477 2559; x_wconf 76' lang='lat' dir='ltr'><strong>resident</strong></span> <span class='ocrx_word' id='word_1_250' title='bbox 498 2520 542 2559; x_wconf 91' lang='lat' dir='ltr'><strong>in</strong></span> <span class='ocrx_word' id='word_1_251' title='bbox 565 2516 796 2559; x_wconf 89' lang='lat' dir='ltr'><strong>Velleius&#39;s</strong></span> <span class='ocrx_word' id='word_1_252' title='bbox 817 2517 954 2558; x_wconf 89' lang='lat' dir='ltr'><strong>house</strong></span> <span class='ocrx_word' id='word_1_253' title='bbox 976 2517 1054 2557; x_wconf 85' lang='lat' dir='ltr'><strong>has</strong></span> <span class='ocrx_word' id='word_1_254' title='bbox 1076 2516 1186 2557; x_wconf 89' lang='lat' dir='ltr'><strong>been</strong></span> <span class='ocrx_word' id='word_1_255' title='bbox 1207 2515 1304 2558; x_wconf 86' lang='lat' dir='ltr'><strong>lost.</strong></span> 
     </span>
    </p>
   </div>
   <div class='ocr_carea' id='block_1_5' title="bbox 288 2587 349 2632">
    <p class='ocr_par' dir='ltr' id='par_1_5' title="bbox 288 2587 349 2632">
     <span class='ocr_line' id='line_1_33' title="bbox 288 2587 349 2632; baseline 0 0"><span class='ocrx_word' id='word_1_256' title='bbox 288 2587 349 2632; x_wconf 82' lang='lat'><strong>56</strong></span> 
     </span>
    </p>
   </div>
  </div>
 </body>
</html>
