1853 3001
867 192 1119 240 CICERO

245 344 484 391 magnam
534 324 720 389 populo
771 323 998 371 Romano
1051 322 1248 370 cladem
1299 322 1491 370 attulit.
1561 322 1740 382 Quid?

246 416 439 480 collega
477 417 582 461 eius
621 414 794 460 Iunius
834 413 1014 460 eodem
1050 411 1184 458 bello
1221 428 1389 459 nonne
1425 418 1740 475 tempestate

245 505 455 553 classem
482 506 648 549 amisit
672 519 787 548 cum
813 503 1043 564 auspiciis
1068 517 1169 547 non
1193 503 1444 563 paruisset
1466 501 1485 547 ?
1554 500 1738 564 Itaque

248 593 485 640 Claudius
522 608 552 638 a
592 590 777 654 populo
816 590 1181 636 condemnatus
1220 595 1316 645 est,
1353 588 1526 636 Iunius
1561 605 1740 636 necem

198 690 224 730 8
248 683 341 729 sibi
372 684 481 744 ipse
514 682 769 726 conscivit.
839 677 894 725 C.
931 677 1233 724 Flaminium
1267 675 1466 724 Caelius
1497 676 1741 742 religione

250 769 487 834 neglecta
534 768 772 815 cecidisse
821 767 956 829 apud
1001 765 1369 812 Trasumenum
1415 767 1586 813 scribit
1628 782 1743 813 cum

247 875 434 922 magno
453 860 526 903 rei
545 855 777 919 publicae
798 854 1019 901 vulnere.
1090 853 1317 912 Quorum
1338 857 1495 901 exitio
1514 853 1743 918 intellegi

247 953 420 1012 potest
461 961 634 992 eorum
676 947 897 1007 imperiis
939 959 1047 989 rem
1087 941 1342 1005 publicam
1384 941 1743 1005 amplificatam

249 1039 335 1101 qui
364 1034 688 1098 religionibus
719 1035 1020 1096 paruissent.
1091 1031 1159 1077 Et
1189 1034 1229 1077 si
1259 1029 1486 1077 conferre
1516 1031 1742 1078 volumus

247 1131 420 1172 nostra
462 1139 577 1169 cum
622 1123 863 1176 externis,
907 1122 1089 1167 ceteris
1133 1120 1284 1166 rebus
1329 1127 1419 1166 aut
1461 1136 1608 1183 pares
1653 1126 1744 1167 aut

250 1216 407 1260 etiam
445 1209 706 1258 inferiores
745 1212 1075 1272 reperiemur,
1114 1207 1358 1272 religione
1395 1208 1449 1255 id
1487 1215 1566 1255 est
1603 1207 1744 1256 cultu

197 1310 224 1351 9
249 1303 458 1350 deorum
505 1298 666 1346 multo
723 1300 1020 1361 superiores.
1095 1297 1177 1343 An
1233 1297 1347 1344 Atti
1395 1296 1542 1343 Navii
1588 1296 1744 1344 lituus

246 1390 349 1447 ille,
375 1406 475 1453 quo
496 1388 561 1435 ad
584 1386 995 1450 investigandum
1020 1401 1163 1433 suem
1187 1387 1420 1448 regiones
1439 1388 1617 1432 vineae
1642 1392 1745 1433 ter-

246 1480 476 1534 minavit,
519 1475 921 1523 contemnendus
965 1474 1084 1521 est?
1166 1473 1458 1530 Crederem,
1499 1476 1594 1521 m‘si
1636 1477 1744 1521 eius

249 1569 459 1631 augurio
490 1581 582 1612 rex
618 1563 864 1611 Hostilius
900 1565 1123 1609 maxima
1154 1561 1290 1609 bella
1321 1565 1574 1626 gessisset.
1643 1561 1745 1610 Sed

247 1655 575 1720 neglegentia
586 1651 863 1700 nobilitatis
881 1654 1075 1716 augurii
1087 1649 1348 1714 disciplina
1364 1653 1547 1697 omissa
1557 1652 1743 1698 veritas

249 1747 584 1807 auspiciorum
608 1748 780 1804 spreta
811 1748 905 1796 est,
930 1742 1122 1802 species
1145 1745 1348 1786 tantum
1370 1746 1576 1786 retenta
1597 1754 1610 1796 ;
1648 1741 1744 1786 ita-

249 1848 350 1898 que
374 1834 627 1878 maximae
653 1832 727 1877 rei
751 1828 983 1893 publicae
1009 1835 1199 1891 partes,
1224 1830 1277 1874 in
1301 1825 1377 1875 his
1403 1826 1537 1875 bella
1563 1828 1744 1892 quibus

249 1924 324 1969 rei
348 1920 584 1985 publicae
611 1918 743 1966 salus
771 1921 1076 1974 continetur,
1103 1915 1249 1963 nullis
1277 1919 1507 1979 auspiciis
1535 1916 1746 1964 admini-

252 2016 493 2065 strantur,
516 2007 653 2055 nulla
674 2009 937 2071 peremnia
958 2011 1240 2061 servantur,
1261 2004 1399 2052 nulla
1421 2021 1484 2051 ex
1507 2007 1745 2051 acumini-

251 2100 363 2155 bus,
398 2097 537 2144 nulla
570 2101 705 2144 cum1
739 2098 830 2142 viri
865 2101 1107 2141 vocantur
1145 2093 1229 2156 (ex
1265 2110 1365 2157 quo
1397 2095 1450 2139 in
1484 2095 1744 2155 procinctu

632 2184 648 2208 ²
677 2182 799 2223 nulla
819 2195 920 2223 cum
944 2181 1216 2222 Schamann:
1249 2179 1371 2221 nulli.

320 2293 340 2313 ⁰
371 2286 562 2330 Cicero’s
591 2299 792 2338 memory
813 2286 892 2325 has
921 2284 1084 2337 played
1113 2283 1205 2324 him
1233 2282 1344 2324 false
1377 2295 1481 2323 over
1507 2295 1626 2323 suem
1654 2281 1744 2322 and

264 2357 406 2383 uram.
470 2341 524 2382 In
553 2340 656 2381 Div.
688 2342 714 2380 i.
746 2343 788 2388 3,
809 2341 852 2379 ii.
884 2341 953 2386 80,
975 2339 1029 2379 he
1057 2350 1160 2389 says
1186 2338 1321 2378 Attus
1350 2337 1413 2388 (in
1442 2336 1517 2377 the
1544 2337 1669 2388 reign
1699 2337 1748 2376 of

262 2397 530 2447 Tarquinius
547 2393 739 2446 Priscus)
761 2393 849 2434 had
864 2392 1017 2433 vowed
1032 2396 1078 2433 to
1092 2392 1166 2432 the
1183 2391 1318 2432 Lares
1334 2391 1407 2431 the
1422 2389 1586 2443 largest
1596 2389 1746 2430 bunch

263 2452 314 2491 of
337 2463 498 2503 grapes
527 2451 572 2489 in
602 2448 669 2489 his
697 2446 912 2499 vineyard
941 2447 979 2487 if
1007 2446 1062 2486 he
1089 2445 1230 2486 found
1259 2459 1286 2485 a
1314 2444 1493 2497 strayed
1521 2446 1613 2497 pig.
1675 2443 1747 2485 He

263 2504 403 2544 found
435 2506 481 2551 it,
503 2502 591 2543 and
621 2502 726 2542 then
753 2500 1006 2541 discovered
1036 2500 1098 2552 by
1126 2513 1301 2552 augury
1325 2501 1369 2539 in
1398 2498 1541 2539 which
1567 2501 1747 2550 quarter

265 2560 315 2598 of
334 2559 405 2598 the
426 2556 638 2609 vineyard
660 2560 705 2597 to
725 2555 830 2596 look
849 2556 919 2595 for
937 2555 1012 2594 the
1031 2553 1196 2606 largest
1215 2552 1379 2594 bunch.

268 2628 359 2669 130
