1919 3006
1015 171 1268 220 CICERO

391 309 722 366 mentemque
755 310 809 350 et
839 309 1003 350 totam
1035 304 1462 349 constructionem
1492 298 1707 348 hominis
1739 299 1888 348 fabri-

319 397 372 436 87
394 395 509 434 cata
537 395 733 434 natura.
799 387 900 434 Cur
928 404 1028 434 non
1059 390 1389 433 extimescam
1419 385 1658 449 opinandi
1685 388 1867 433 temeri

392 479 556 519 tatem
580 473 598 518 ?
657 473 894 519 Etiamne
921 471 1015 519 hoc
1043 472 1308 519 adfirmare
1333 478 1498 534 potes,
1527 469 1753 526 Luculle,
1780 485 1890 517 esse

393 557 612 620 aliquam
639 562 756 614 vim,
782 575 897 604 curn
921 558 1195 621 prudentia
1219 565 1273 605 et
1297 556 1500 604 consilio
1526 556 1732 612 scilicet,
1757 571 1890 619 quae

394 641 597 688 finxerit
637 641 733 698 vel,
774 650 832 689 ut
870 649 961 689 tuo
1002 643 1154 689 verbo
1194 649 1326 698 utar,
1368 657 1499 704 quae
1539 639 1788 687 fabricata
1825 642 1891 687 sit

392 725 691 774 hominem?
760 728 933 787 Qualis
968 731 1067 775 ista
1100 726 1291 774 fabrica
1326 728 1445 774 est?
1499 727 1585 773 ubi
1621 725 1888 773 adhibita?

395 812 597 873 quando
621 813 638 858 ?
706 814 834 859 cur?
902 830 1001 876 quo
1049 813 1199 859 modo
1223 813 1241 859 ?
1321 812 1626 858 Tractantur
1673 814 1771 858 ista
1817 814 1889 857 in-

393 899 618 958 geniose,
682 897 1006 959 disputantur
1070 900 1226 944 etiam
1290 896 1589 960 elegantem
1669 896 1889 959 denique

393 981 662 1027 videantur
717 999 855 1038 sane,
911 999 974 1029 ne
1032 983 1363 1030 adfirmentur
1416 982 1581 1029 modo.
1671 980 1773 1029 Sed
1826 981 1890 1028 de

393 1063 611 1128 physicis
642 1083 760 1113 mox
791 1067 866 1130 (et
897 1067 1102 1130 quidem
1133 1068 1197 1114 ob
1229 1083 1341 1113 eam
1372 1083 1575 1113 causam
1605 1082 1669 1113 ne
1700 1072 1775 1122 tu,
1805 1068 1890 1129 qui

393 1148 446 1196 id
463 1166 545 1196 me
564 1148 817 1198 facturum
835 1151 986 1215 paulo
1007 1159 1126 1199 ante
1152 1153 1355 1208 dixeris,
1375 1152 1577 1199 videare
1594 1150 1861 1215 mentitus)
1880 1165 1894 1207 ;

394 1234 485 1281 sed
511 1242 569 1281 ut
596 1235 659 1282 ad
687 1252 748 1282 ea
774 1253 905 1299 quae
932 1237 1142 1284 clariora
1167 1245 1285 1284 sunt
1311 1240 1528 1293 veniam,
1553 1252 1634 1284 res
1658 1239 1760 1283 iam
1785 1239 1893 1283 uni-

394 1334 562 1365 versas
591 1318 913 1382 profundam,
945 1322 1008 1368 de
1040 1323 1221 1385 quibus
1251 1321 1506 1368 volumina
1534 1321 1747 1385 impleta
1775 1328 1895 1369 sunt

395 1419 496 1449 non
525 1420 554 1449 a
580 1408 762 1452 nostris
790 1405 951 1452 solum
979 1407 1069 1454 sed
1098 1410 1253 1453 etiam
1282 1423 1312 1453 a
1339 1405 1619 1471 Chrysippo
1643 1422 1655 1462 ;
1700 1406 1765 1454 de
1793 1422 1893 1470 quo

396 1491 538 1550 queri
569 1488 733 1536 solent
764 1489 936 1547 Stoici,
965 1491 1086 1538 dum
1117 1492 1341 1538 studiose
1372 1494 1541 1538 omnia
1569 1495 1894 1555 conquisierit

396 1580 573 1620 contra
611 1591 786 1622 sensus
826 1583 880 1622 et
917 1580 1336 1639 perspicuitatem
1375 1584 1652 1640 contraque
1691 1594 1893 1625 omnem

397 1661 818 1707 consuetudinem
855 1669 1132 1725 contraque
1173 1665 1442 1719 rationem,
1478 1666 1643 1726 ipsum
1685 1664 1777 1710 sibi
1818 1679 1895 1711 re-

397 1745 734 1807 spondentem
759 1745 1047 1793 inferiorem
1073 1745 1243 1804 fuisse,
1268 1751 1442 1811 itaque
1469 1749 1532 1795 ab
1558 1765 1618 1796 eo
1643 1757 1893 1797 armatum

329 1839 382 1877 88
404 1845 513 1875 esse
560 1830 890 1879 Carneadem,
971 1832 1048 1878 Ea
1092 1840 1211 1880 sunt
1256 1836 1362 1880 eius
1407 1834 1543 1881 modi
1589 1850 1721 1897 quae
1767 1851 1797 1881 a
1840 1842 1894 1882 te

399 1913 782 1977 diligentissime
814 1923 1036 1963 tractata
1066 1924 1198 1964 sunt.
1265 1917 1640 1965 Dormientium
1671 1925 1726 1965 et
1755 1921 1894 1966 vinu-

397 1998 650 2046 lentorum
677 2008 730 2048 et
754 2000 1053 2048 furiosorum
1078 2005 1183 2049 visa
1206 2003 1532 2050 imbecilliora
1557 2021 1665 2051 esse
1691 1994 1892 2052 dicebas

400 2100 552 2147 quam
591 2085 907 2150 vigilantium
946 2091 1188 2134 siccorum
1227 2105 1478 2136 sanorum.
1550 2089 1664 2148 Quo
1701 2091 1893 2138 modo?

399 2169 548 2227 Quia,
579 2187 693 2217 cum
724 2180 1050 2235 experrectus
1082 2181 1217 2220 esset
1246 2174 1457 2230 Ennius,
1486 2191 1587 2221 non
1617 2175 1810 2223 diceret
1839 2192 1893 2224 se

399 2255 580 2302 vidisse
607 2256 887 2304 Homerum
912 2260 1003 2306 sed
1028 2262 1187 2305 visum
1214 2275 1341 2314 esse,
1366 2258 1608 2306 Alcmaeo
1633 2267 1806 2308 autem

655 2365 732 2406 sed
754 2367 862 2407 mihi
882 2380 937 2407 ne
958 2369 1161 2419 utiquam
1181 2380 1255 2407 cor
1276 2369 1496 2408 consentit
1524 2399 1535 2410 .
1565 2401 1578 2414 .
1609 2401 1621 2414 .

481 2475 498 2493 ‘²
529 2471 610 2511 See
632 2472 658 2511 i.
681 2474 734 2511 29
760 2486 800 2512 n.
1159 2472 1176 2498 ⁶
1207 2475 1316 2520 §17.
1662 2480 1678 2501 ⁶
1707 2478 1815 2522 §55.

403 2587 499 2637 576
650 2524 669 2549 ‘²
698 2529 739 2573 ἐξ
759 2529 905 2568 47-53.
1391 2532 1407 2553 ⁰
1437 2527 1520 2569 See
1540 2532 1560 2575 ς
1580 2532 1630 2570 51
1657 2542 1700 2571 n.
