1919 3006
928 175 1180 223 CICERO

306 312 479 354 autem
511 321 661 351 nenio
693 303 856 351 adhuc
887 304 1130 351 docuerat
1159 319 1254 350 nec
1285 309 1396 350 erat
1425 302 1562 350 unde
1592 302 1803 350 studiosi

306 384 431 427 scire
459 385 685 442 possent,
717 394 778 425 ea
806 384 1056 441 quantum
1084 379 1229 440 potui
1259 376 1403 440 (nihil
1432 379 1567 424 enim
1594 392 1804 440 magno-

304 470 427 517 pere
459 469 688 500 meorum
720 452 892 515 miror)
925 450 1022 497 feci
1055 458 1114 497 ut
1148 457 1319 498 essent
1350 457 1474 497 nota
1504 454 1722 505 nostris;
1774 466 1804 496 a

305 528 509 575 Graecis
533 530 667 573 enim
687 529 795 588 peti
816 542 917 572 non
936 532 1177 588 poterant
1198 541 1256 571 ac
1274 531 1391 588 post
1412 523 1470 571 L.
1493 524 1625 571 Aelii
1645 526 1803 571 nostri

304 619 536 650 occasum
578 617 643 647 ne
687 617 716 647 a
759 600 953 647 Latinis
997 600 1218 663 quidem.
1288 600 1357 646 Et
1398 606 1575 646 tamen
1614 601 1668 646 in
1708 598 1803 645 illis

304 678 561 725 veteribus
596 679 778 722 nostris
814 692 946 738 quae
978 675 1283 737 Menippum
1303 678 1508 731 imitati,
1528 691 1630 721 non
1650 676 1806 720 inter-

305 755 512 817 pretati,
550 751 770 815 quadam
806 750 1064 796 hilaritate
1101 753 1486 812 conspersimus,
1521 749 1685 796 multa
1721 749 1807 796 ad-

302 830 465 874 mixta
494 842 557 872 ex
585 829 765 871 intima
792 823 1124 887 philosophia,
1153 823 1315 870 multa
1342 824 1479 870 dicta
1506 823 1770 870 dialectice
1794 838 1807 878 ;

303 916 435 964 quae
461 905 594 946 cum1
624 897 818 945 facilius
843 901 1008 944 minus
1034 898 1171 945 docti
1195 897 1557 961 intellegerent
1581 897 1807 944 iucundi-

302 982 414 1021 tate
447 974 668 1037 quadam
694 973 758 1019 ad
782 972 1059 1036 legendum
1087 975 1309 1018 invitati2
1334 975 1388 1017 in
1411 971 1805 1027 laudationibus,

301 1053 354 1096 in
417 1047 493 1094 his
558 1051 676 1110 ipsis
740 1050 1108 1109 antiquitatum
1172 1049 1441 1108 prooemiis
1497 1044 1805 1109 philosophis

302 1124 520 1171 scribere
545 1122 809 1177 voluimus,
834 1125 874 1168 si
897 1122 1048 1168 modo
1073 1123 1331 1167 consecuti
1355 1119 1579 1167 sumus.”

249 1209 276 1249 9
366 1198 462 1244 ΙΙΙ.
499 1198 629 1244 Tum
678 1213 791 1260 ego,
839 1195 866 1211 “
892 1194 1073 1252 Sunt,'’
1122 1199 1348 1258 inquam,
1395 1194 1423 1211 “
1448 1198 1564 1251 ista,
1609 1194 1767 1241 Varro
1793 1210 1806 1251 ;

302 1289 420 1319 nam
463 1288 552 1318 nos
595 1275 648 1317 in
690 1277 863 1317 nostra
904 1271 1030 1316 urbe
1072 1272 1444 1333 peregrinantis
1489 1273 1806 1332 errantisque

299 1355 564 1410 tamquam
588 1345 814 1408 hospites
837 1349 914 1392 tui
937 1345 1051 1391 libri
1075 1348 1219 1408 quasi
1243 1344 1449 1392 domum
1471 1344 1805 1400 reduxerunt,

300 1430 359 1469 ut
381 1437 642 1484 possemus
669 1420 938 1483 aliquando
964 1422 1049 1482 qui
1075 1426 1129 1466 et
1152 1420 1238 1465 ubi
1264 1435 1487 1466 essemus
1513 1435 1802 1483 agnoscere.

296 1496 374 1543 Tu
410 1502 638 1541 aetatem
672 1497 888 1557 patriae,
923 1500 982 1540 tu
1017 1493 1367 1556 discriptiones
1402 1500 1709 1556 temporum,
1745 1500 1802 1539 tu

299 1587 553 1618 sacrorum
595 1573 721 1625 iura,
760 1576 819 1616 tu
858 1569 1217 1624 sacerdotum,³
1257 1575 1316 1615 tu
1354 1568 1703 1624 domesticam,
1742 1575 1800 1615 tu

295 1645 531 1692 bellicam
567 1644 899 1706 disciplinam,
935 1650 995 1689 tu
1031 1643 1206 1689 sedem
1242 1645 1525 1706 regionum,
1560 1642 1801 1699 locorum,

296 1727 355 1767 tu
378 1722 601 1765 omnium
625 1719 907 1764 divinarum
928 1716 1368 1779 humanarumque
1388 1732 1558 1762 rerum
1579 1720 1801 1773 nomina,

297 1810 504 1859 genera,
539 1793 715 1848 officia,
751 1809 925 1839 causas
961 1795 1220 1855 aperuisti,
1254 1792 1630 1854 plurimumque
1664 1791 1799 1838 idem

296 1871 461 1932 poetis
484 1871 667 1914 nostris
691 1870 998 1930 omninoque
1023 1866 1217 1912 Latinis
1243 1872 1296 1912 et
1317 1865 1500 1912 litteris
1522 1865 1723 1912 luminis
1748 1872 1801 1912 et

296 1942 460 1988 verbis
480 1941 714 1996 attulisti,
734 1948 889 2004 atque
906 1944 1014 2003 ipse
1031 1943 1225 1986 varium
1244 1946 1298 1986 et
1316 1939 1521 2002 elegans
1539 1942 1675 1985 omni
1692 1937 1799 1987 fere

294 2032 506 2064 numero
538 2021 721 2079 poema
754 2015 937 2072 fecisti,
970 2013 1442 2078 philosophiamque
1474 2013 1646 2061 multis
1679 2013 1798 2062 locis

754 2145 768 2169 1
798 2158 900 2184 cum
921 2143 1066 2183 Reid=
1099 2156 1189 2195 quo
1209 2143 1332 2183 codd.

605 2199 620 2222 ²
652 2199 719 2239 hic
743 2198 985 2250 interponit
1009 2198 1213 2237 lacunam
1237 2196 1478 2237 Casaubon.

615 2254 630 2278 ³
661 2252 939 2293 sacerdotum
961 2258 1191 2296 (munera)
1210 2250 1464 2291 Lambinus.

354 2368 372 2386 ‘²
401 2360 523 2412 Only
536 2359 783 2412 fragments
800 2372 874 2399 are
890 2362 1042 2399 extant
1057 2357 1107 2398 of
1118 2356 1299 2397 Varro's
1319 2356 1374 2397 M
1372 2358 1589 2409 enippean
1605 2356 1788 2401 Satires.

299 2416 541 2467 Menippus
576 2427 666 2453 was
700 2427 726 2453 a
761 2413 902 2464 Cynic
935 2411 1219 2463 philosopher
1252 2410 1342 2451 and
1376 2412 1541 2452 satirist
1571 2409 1710 2465 living
1742 2415 1788 2454 at

296 2469 478 2511 Gadara
499 2470 543 2508 in
566 2468 640 2507 the
663 2466 827 2507 middle
850 2466 898 2506 of
916 2466 989 2506 the
1011 2464 1173 2506 second
1195 2467 1380 2517 century
1402 2477 1483 2506 mc.

357 2523 373 2546 ²²
404 2524 489 2569 i.e.‚
513 2522 681 2569 Ethics,
704 2534 775 2561 see
796 2534 838 2573 p.
862 2523 946 2561 414
967 2523 1069 2560 note
1089 2533 1130 2560 a.

293 2592 387 2634 418
