1919 3006
941 176 1193 225 CICERO

323 320 423 352 non
457 321 566 352 esse
600 322 654 352 se
688 306 753 352 ad
786 323 910 352 onus
945 307 1294 369 accipiendum
1329 307 1563 371 figurata,
1597 310 1813 356 cervices

326 387 500 426 autem
546 387 698 427 natae
746 381 811 427 ad
856 384 1048 445 iugum,
1094 389 1204 429 turn
1252 385 1379 429 vires
1426 398 1713 429 umerorum
1754 389 1815 430 'et

325 452 619 500 latitudines
668 454 731 501 ad
780 461 946 501 aratra
996 453 1394 519 [ex]trahenda.1
1461 454 1656 513 Quibus
1697 472 1812 502 cum

322 534 489 574 terrae
516 529 873 592 subigerentur
909 529 1107 576 fissione
1139 529 1420 593 glebarum,
1447 530 1510 576 ab
1543 529 1626 576 illo
1660 546 1813 576 aureo

321 617 527 662 genere,
562 608 619 649 ut
651 609 837 664 poetae
870 601 1162 665 loquuntur,
1186 606 1258 650 vis
1283 602 1420 649 nulla
1453 619 1696 666 umquam
1728 602 1815 650 ad-

322 671 609 730 ferebatur3

439 781 581 823 ferrea
600 787 695 824 tum
715 797 818 824 vero
838 783 981 836 proles
1002 788 1152 825 exorta
1171 789 1350 836 repente
1370 788 1449 832 est,

437 857 636 896 ausaque
655 846 881 885 funestum
903 847 1047 897 prima
1068 850 1133 886 est
1152 846 1407 887 fabricarier
1427 861 1577 889 ensem

438 909 483 944 et
501 908 681 956 gustare
702 918 838 945 manu
859 906 1056 945 vinctum
1078 904 1387 958 domitumque
1408 908 1659 949 iuvencum.

322 998 488 1046 Tanta
521 1000 801 1061 putabatur
835 999 1027 1047 utilitas
1064 1004 1254 1063 percipi
1290 1017 1318 1048 e
1351 1001 1516 1049 bubus
1549 1008 1608 1049 ut
1641 1018 1814 1048 eorum

323 1074 592 1120 visceribus
616 1077 748 1120 vesci
771 1073 931 1120 scelus
954 1073 1244 1121 haberetur.

385 1145 565 1193 LXIV.
605 1144 887 1211 “Longum
919 1154 997 1195 est
1024 1147 1274 1194 mulorum
1301 1151 1535 1211 persequi
1567 1147 1815 1195 utilitates

323 1228 376 1268 et
407 1225 675 1278 asinorum,
706 1239 837 1285 quae
868 1230 1005 1269 certe
1037 1223 1101 1269 ad
1135 1221 1394 1269 hominum
1425 1240 1570 1270 usum
1603 1229 1814 1284 paratae

219 1300 298 1340 160
323 1302 455 1342 sunt.
525 1294 617 1342 Sus
666 1312 784 1342 vero
833 1297 954 1358 quid
1001 1295 1160 1342 habet
1206 1304 1411 1358 praeter
1460 1297 1667 1344 escam?
1733 1299 1813 1343 cui

321 1369 528 1432 quidem
586 1385 651 1416 ne
709 1377 1003 1432 putesceret
1062 1373 1282 1416 animam
1340 1374 1502 1433 ipsam
1559 1387 1650 1433 pro
1707 1369 1812 1417 sale

321 1442 496 1488 datam
542 1442 664 1488 dicit
709 1458 818 1489 esse
865 1442 1209 1506 Chrysippus;
1273 1460 1374 1506 qua
1417 1444 1630 1506 pecude,
1676 1443 1813 1506 quod

321 1523 432 1562 erat
480 1516 544 1562 ad
591 1516 897 1564 vescendum
944 1515 1229 1564 hominibus
1279 1525 1416 1579 apta,
1464 1517 1586 1564 nihil
1632 1521 1812 1581 genuit

319 1596 502 1635 natura
541 1587 820 1636 fecundius.
890 1589 1025 1648 Quid
1064 1590 1446 1637 multitudinem
1485 1593 1813 1637 suavitatem-

319 1678 417 1724 que
438 1665 647 1724 piscium
665 1662 827 1708 dicam
847 1662 865 1708 ?
905 1663 1026 1726 quid
1047 1667 1231 1719 avium,
1249 1679 1311 1709 ex
1333 1664 1513 1727 quibus
1534 1670 1681 1710 tanta
1699 1679 1812 1726 per-

318 1738 501 1796 cipitur
521 1734 750 1796 voluptas
772 1742 829 1781 ut
848 1736 1104 1782 interdum
1125 1735 1352 1783 Pronoea
1371 1742 1541 1782 nostra
1562 1736 1812 1798 Epicurea

318 1805 472 1853 fuisse
518 1807 785 1853 videatur?
831 1815 986 1870 atque
1032 1824 1123 1854 eae
1155 1825 1218 1855 ne
1256 1814 1559 1870 caperentur
1603 1808 1809 1871 quidem

317 1885 410 1928 nisi
452 1880 712 1928 hominum
754 1886 950 1930 ratione
988 1890 1143 1946 atque
1181 1883 1402 1930 sollertia
1420 1899 1807 1947 3—quamquam

318 1958 420 2001 avis
450 1957 712 2018 quasdam,
743 1964 795 2002 et
824 1956 969 2003 alites
999 1964 1053 2004 et
1081 1960 1290 2013 oscines,
1319 1964 1377 2003 ut
1405 1961 1559 2004 nostri
1591 1973 1807 2020 augures

317 2028 593 2091 appellant,
640 2046 807 2076 rerum
855 2031 1263 2094 augurandarum
1309 2047 1457 2077 causa
1505 2047 1614 2077 esse
1660 2038 1805 2077 natas

212 2106 287 2147 161
314 2108 567 2163 putamus.
639 2101 747 2147 Iam
784 2119 901 2149 vero
942 2106 1187 2149 immanes
1226 2110 1278 2149 et
1315 2102 1446 2149 feras
1482 2101 1656 2148 beluas
1684 2118 1807 2148 nan-

315 2177 544 2220 ciscimur
573 2175 820 2230 venando,
851 2183 909 2222 ut
940 2182 992 2222 et
1018 2192 1278 2222 vescamur
1306 2178 1363 2222 iis
1395 2182 1448 2222 et
1479 2191 1805 2221 exerceamur

813 2323 830 2349 ¹
861 2325 1076 2365 trahenda
1097 2325 1288 2365 Ernesti.

360 2475 379 2494 ⁶
411 2470 600 2511 Cicero’s
621 2470 881 2511 translation
903 2471 953 2511 of
971 2471 1172 2511 Aratus's
1193 2469 1510 2518 Phaenommm,
1535 2473 1612 2511 129
1636 2469 1682 2512 ff.

364 2523 382 2549 ὃ
411 2524 613 2565 Clement
640 2526 691 2565 of
723 2525 1009 2573 Alexandria,
1040 2524 1200 2566 Strom.
1230 2527 1303 2566 vii.
1333 2527 1390 2566 34
1431 2527 1641 2574 Κλεάνθης
1679 2527 1803 2576 φησὶν

321 2587 418 2638 276
