1919 3006
947 164 1199 213 CICERO

323 292 569 341 Geminus
610 293 831 352 Quintus
870 293 1046 349 videri,
1087 293 1209 356 quid
1247 292 1406 341 habes
1446 293 1694 357 explorati
1735 309 1822 340 cur

324 385 424 415 non
466 372 626 431 possit
669 370 762 415 tibi
799 368 955 415 Cotta
989 369 1147 415 videri
1191 372 1277 432 qui
1320 385 1422 416 non
1464 372 1547 424 sit,
1583 372 1821 432 quoniam

324 443 513 506 aliquid
542 444 742 491 videtur
767 459 877 490 esse
907 443 1043 507 quod
1067 460 1169 490 non
1193 443 1309 490 est?
1379 443 1565 491 Omnia
1597 444 1718 491 dicis
1746 446 1821 491 sui

322 522 523 582 generis
549 534 675 574 esse,
698 517 822 565 nihil
847 534 955 566 esse
978 518 1116 566 idem
1140 518 1277 582 quod
1299 521 1365 566 sit
1389 518 1539 566 aliud.
1597 518 1821 566 Stoicum

324 600 403 640 est
423 596 553 640 istuc
576 594 783 657 quidem
804 610 898 641 nec
921 593 1196 641 admodum
1217 593 1474 650 credibile,
1496 593 1689 641 nullum
1712 609 1822 641 esse

324 667 482 730 pilum
525 669 757 716 omnibus
799 669 951 716 rebus
994 667 1152 715 talem
1195 668 1355 732 qualis
1399 671 1466 716 sit
1506 667 1637 732 pilus
1681 667 1824 724 alius,

325 741 517 788 nullum
548 759 778 806 granum.
845 742 988 790 Haec
1019 742 1181 789 refelli
1211 749 1441 806 possunt,
1473 742 1565 791 sed
1593 758 1824 806 pugnare

324 816 439 863 nolo
463 832 474 872 ;
511 818 575 865 ad
591 818 644 865 id
662 821 797 864 enim
815 818 952 881 quod
969 821 1136 882 agitur
1153 817 1276 864 nihil
1291 821 1508 865 interest
1525 818 1825 865 omnibusne

324 892 553 953 partibus
600 894 706 939 visa
750 908 831 938 res
877 890 1000 938 nihil
1046 891 1247 939 differat
1294 908 1360 938 an
1404 895 1676 939 internosci
1722 907 1825 939 non

324 969 484 1028 possit
520 969 720 1014 etiamsi
755 966 971 1015 differat.
1041 966 1143 1015 Sed
1177 970 1218 1014 si
1252 966 1514 1014 hominum
1550 966 1825 1014 similitudo

323 1047 473 1088 tanta
508 1057 617 1088 esse
653 1059 755 1089 non
789 1049 979 1106 potest,
1015 1058 1081 1090 ne
1116 1045 1374 1107 signorum
1410 1043 1658 1107 quidem?
1727 1042 1826 1089 Dic

324 1113 465 1171 mihi,
509 1115 761 1180 Lysippus
805 1116 986 1164 eodem
1030 1132 1165 1173 aere,
1208 1117 1391 1164 eadem
1431 1119 1825 1180 temperatione,

327 1189 508 1237 eodem
543 1190 683 1238 caelo
726 1197 903 1254 atque1
939 1194 1123 1239 ceteris
1159 1192 1391 1239 omnibus
1427 1198 1635 1238 centum
1671 1190 1824 1238 Alex-

327 1264 507 1312 andros
537 1266 765 1312 eiusdem
792 1266 929 1313 modi
956 1264 1125 1313 facere
1153 1282 1255 1313 non
1281 1273 1455 1330 posset
1477 1267 1496 1313 ?
1543 1282 1645 1329 qua
1669 1267 1826 1329 igitur

252 1347 307 1386 86
327 1342 534 1387 notione
563 1340 874 1388 discerneres
897 1341 915 1387 ?
978 1340 1115 1399 Quid
1141 1343 1182 1388 si
1209 1344 1262 1387 in
1291 1341 1518 1388 eiusdem
1545 1340 1682 1388 modi
1710 1356 1827 1387 cera

326 1421 534 1461 centum
564 1415 726 1478 sigilla
755 1415 849 1462 hoc
882 1415 1031 1463 anulo
1061 1419 1380 1479 impressero,
1412 1431 1604 1479 ecquae
1634 1418 1827 1479 poterit

325 1490 378 1534 in
419 1490 739 1553 agnoscendo
782 1506 892 1537 esse
934 1490 1233 1537 distinctio?
1294 1507 1359 1537 an
1399 1491 1493 1537 tibi
1534 1492 1632 1537 erit
1672 1505 1826 1553 quae-

325 1562 512 1610 rendus
565 1563 817 1611 anularius
870 1563 1041 1628 aliqui,
1093 1567 1333 1628 quoniam
1383 1563 1702 1628 gallinarium
1751 1567 1826 1610 in·

326 1641 509 1685 venisti
528 1638 794 1686 Deliacum
811 1638 952 1686 illum
971 1642 1057 1702 qui
1075 1656 1170 1687 ova
1185 1647 1515 1703 cognosceret
1538 1640 1557 1686 ?
1606 1638 1823 1687 XXVII.

327 1709 429 1759 Sed
492 1713 702 1761 adhibes
767 1721 931 1761 artem
995 1715 1295 1761 advocatam
1359 1717 1516 1762 etiam
1578 1715 1823 1762 sensibus.

327 1784 497 1833 Pictor
523 1788 665 1835 videt
693 1805 824 1851 quae
852 1805 943 1836 nos
971 1805 1072 1835 non
1101 1789 1347 1844 videmus,
1376 1796 1431 1836 et
1458 1787 1605 1836 simul
1631 1787 1826 1836 inflavit

328 1861 518 1908 tibicen
566 1879 595 1908 a
639 1866 805 1925 perito
853 1880 1057 1909 carmen
1105 1867 1407 1927 agnoscitur.
1490 1862 1667 1921 Quid?
1731 1861 1826 1909 hoc

328 1952 495 1983 nonne
527 1938 728 1984 videtur
759 1946 936 1985 contra
965 1945 1019 1985 te
1052 1938 1237 1994 valere,
1269 1942 1309 1985 si
1341 1942 1448 1985 sine
1479 1941 1676 2002 magnis
1709 1940 1827 1984 arti-

328 2009 466 2066 ficiis,
495 2012 559 2059 ad
585 2029 716 2075 quae
742 2016 890 2075 pauci
917 2013 1184 2068 accedunt,
1209 2016 1367 2060 nostri
1394 2013 1600 2076 quidem
1625 2005 1826 2076 generis

329 2085 620 2142 admodum,
660 2102 754 2134 nec
793 2087 965 2134 videre
1005 2103 1100 2134 nec
1140 2088 1314 2134 audire
1353 2087 1642 2150 possimus?
1716 2086 1826 2133 Iam

326 2158 412 2205 illa
448 2160 723 2223 praeclara,
762 2169 954 2225 quanto
994 2162 1203 2209 artificio
1242 2169 1378 2209 esset
1415 2177 1590 2209 sensus
1628 2168 1825 2208 nostros

729 2249 743 2272 ²
775 2252 910 2300 atque
929 2247 1074 2290 Reid:
1107 2262 1227 2301 aqua
1245 2249 1369 2290 codd.

386 2357 403 2376 ‘⁸
434 2352 515 2392 See
536 2353 579 2405 ἕξ
600 2356 668 2400 50,
691 2357 759 2400 54,
782 2357 849 2394 56.

392 2406 407 2429 ⁶
442 2407 664 2458 Lysippus
690 2406 778 2447 had
804 2406 893 2447 sole
918 2409 1178 2457 permission
1201 2406 1318 2447 from
1344 2406 1596 2448 Alexander
1619 2411 1666 2448 to
1690 2405 1826 2448 make

331 2464 498 2500 statues
520 2461 570 2501 of
588 2461 680 2501 him
698 2477 710 2508 ς
750 2461 806 2502 116
828 2461 959 2501 made
980 2475 1007 2501 a
1028 2465 1156 2513 great
1177 2475 1328 2514 many.

394 2519 408 2538 ⁶
437 2513 522 2556 See
541 2518 561 2562 ἓ
581 2518 651 2556 57.
978 2515 997 2540 ἀ
1028 2515 1111 2556 See
1131 2519 1151 2563 ἓ
1171 2518 1240 2556 20.
1456 2520 1472 2540 ⁰
1501 2517 1521 2561 ἓ
1541 2516 1612 2556 30.

330 2581 426 2626 574
