1853 3001
884 187 1136 237 CICERO

262 320 410 369 Luna
452 337 482 369 a
523 320 739 369 lucendo
781 323 1044 367 nominata
1086 322 1208 376 sit¹;
1271 318 1452 366 eadem
1495 324 1575 366 est
1617 320 1753 366 enim

261 396 469 453 Lucina,
501 400 695 460 itaque,
731 402 790 443 ut
832 395 969 458 apud
1011 394 1230 441 Graecos
1274 394 1494 440 Dianam
1536 409 1753 457 eamque

260 470 566 527 Luciferam,
623 473 693 518 sic
751 469 888 533 apud
943 475 1141 516 nostros
1200 468 1449 515 Iunonem
1507 467 1752 515 Lucinam

257 549 311 593 in
357 545 603 609 pariendo
650 548 905 592 invocant.
977 542 1124 602 Quae
1159 543 1340 591 eadem
1373 542 1542 590 Diana
1573 542 1749 590 Omni·

259 636 390 684 vaga
430 620 614 667 dicitur
654 636 756 666 non
793 635 824 666 a
869 618 1102 666 venando
1143 618 1235 666 sed
1275 617 1412 680 quod
1455 620 1509 663 in
1548 624 1749 680 septem

189 703 242 744 69
265 702 564 742 numeratur
586 701 851 758 tamquam
875 694 1195 758 vagantibus.
1261 692 1449 739 Diana²
1474 692 1611 740 dicta
1635 695 1755 756 quia

259 776 414 817 noctu
455 772 598 833 quasi
636 769 772 816 diem
814 768 1052 816 efficeret.
1143 767 1435 815 Adhibetur
1475 774 1651 815 autem
1692 765 1759 814 ad

257 851 434 906 partus
454 844 591 907 quod
606 847 642 890 ii
660 850 1014 891 maturescunt
1033 849 1123 890 aut
1141 849 1342 906 septem
1361 858 1462 889 non
1479 858 1759 905 numquam

259 925 350 965 aut
386 925 446 966 ut
481 918 784 982 plerumque
822 934 1006 965 novem
1043 917 1195 965 lunae
1233 917 1477 973 cursibus,
1515 919 1603 980 qui
1640 919 1760 980 quia

257 1008 436 1040 mensa
472 996 639 1056 spatia
676 992 951 1040 conficiunt
986 1008 1188 1039 menses
1227 995 1588 1048 nominantur3
1643 1007 1761 1038 con-

257 1069 509 1131 cinneque
539 1074 599 1115 ut
626 1067 791 1115 multa
818 1067 1074 1124 Timaeus,
1105 1069 1191 1131 qui
1221 1083 1336 1114 cum
1365 1069 1420 1113 in
1447 1065 1658 1113 historia
1687 1065 1762 1112 dj-

260 1144 418 1188 xisset
436 1157 534 1205 qua
553 1148 704 1189 nocte
722 1148 872 1189 natus
891 1140 1186 1188 Alexander
1205 1147 1340 1187 esset
1359 1140 1541 1187 eadem
1559 1139 1758 1186 Dianae

259 1214 513 1279 Ephesiae
538 1215 790 1279 templum
815 1215 1191 1280 deflagravisse,
1218 1215 1450 1263 adiunxit
1473 1217 1681 1262 minime
1706 1215 1760 1262 id

261 1306 371 1338 esse
399 1292 704 1348 mirandum,
734 1292 871 1355 quod
901 1291 1070 1338 Diana
1097 1307 1212 1338 cum
1239 1294 1291 1337 in
1319 1297 1470 1353 partu
1499 1289 1761 1354 Olympia-

259 1365 335 1413 dis
359 1366 537 1414 adesse
560 1365 802 1414 voluisset
825 1364 1037 1413 afuisset
1059 1366 1224 1414 domo.
1294 1364 1440 1425 Quae
1464 1372 1639 1413 autem
1662 1365 1760 1412 dea

260 1441 326 1488 ad
350 1457 430 1489 res
458 1458 633 1489 omnes
660 1445 859 1489 veniret
884 1441 1138 1488 Venerem
1166 1444 1324 1488 nostri
1350 1444 1758 1497 nominaverunt,

261 1522 438 1580 atque⁸
468 1533 532 1564 ex
562 1533 624 1565 ea
651 1520 820 1580 potius
849 1523 1091 1564 venustas
1120 1533 1273 1580 quam
1303 1515 1474 1563 Venus
1511 1531 1576 1563 ex
1604 1531 1760 1563 venu-

261 1598 413 1638 state.

185 1670 241 1712 70
327 1666 571 1714 XXVIII.
609 1665 637 1684 ‘⁸
662 1666 927 1714 Videtisne
963 1669 1121 1730 igitur
1161 1672 1221 1712 ut
1267 1681 1298 1713 a
1343 1664 1561 1730 physicis
1608 1665 1759 1713 rebus

262 1741 394 1787 bene
425 1748 581 1804 atque
611 1741 806 1788 utiliter
833 1744 1052 1788 inventis
1082 1747 1249 1788 tracta
1277 1743 1407 1787 ratio
1437 1743 1504 1787 sit
1533 1739 1599 1788 ad
1627 1756 1761 1787 com-

263 1819 526 1864 menticios
572 1823 626 1864 et
670 1817 812 1864 fictos
857 1816 1022 1864 deos?
1086 1832 1218 1880 quae
1261 1832 1340 1863 res
1384 1818 1566 1880 genuit
1609 1814 1760 1862 falsas

265 1895 524 1954 opiniones
570 1908 866 1956 erroresque
909 1891 1232 1939 turbulentos
1278 1898 1332 1938 et
1374 1894 1759 1954 superstitiones

265 1982 430 2029 paene
477 1967 649 2015 aniles.
720 1968 789 2015 Et
834 1966 1028 2015 formae
1077 1970 1212 2014 enim
1258 1967 1401 2014 nobis
1448 1966 1659 2014 deorum
1707 1971 1762 2012 et

266 2048 465 2089 aetates
513 2049 568 2090 et
613 2046 828 2090 vestitus
875 2049 1186 2105 ornatusque
1234 2044 1342 2088 noti
1388 2048 1525 2098 sunt,
1571 2056 1762 2105 genera

265 2123 534 2178 praeterea
568 2120 802 2181 coniugia
836 2120 1183 2181 cognationes,
1219 2119 1489 2180 omniaque
1523 2115 1761 2163 traducta

267 2191 333 2239 ad
368 2191 749 2240 similitudinem
784 2192 1126 2240 inbecillitatis
1176 2190 1445 2238 humanae.
1521 2190 1652 2238 Nam
1703 2196 1757 2237 et

266 2267 575 2328 perturbatis
626 2270 803 2315 animis
856 2267 1199 2315 inducuntur:
1266 2268 1572 2329 accepimus⁴
1620 2267 1755 2312 enim

267 2341 476 2389 deorum
530 2343 834 2404 cupiditates
889 2342 1232 2406 aegritudines
1283 2341 1600 2396 iracundias3
1661 2355 1758 2387 nec

801 2429 817 2454 ²
848 2430 926 2470 sit:
959 2432 1024 2469 est
1048 2428 1219 2481 Mayor.

440 2482 460 2508 ⁸
488 2483 609 2527 (sed)
631 2483 777 2523 Diana
802 2483 972 2535 Mayor.
1192 2483 1208 2506 ³
1239 2485 1391 2534 estque
1416 2481 1586 2534 Mayor.

572 2537 589 2562 ⁴
618 2539 867 2590 accepimus
888 2538 990 2578 dett.
1010 2553 1021 2577 ε
1053 2538 1294 2588 accipimus
1315 2536 1375 2584 A,
1397 2536 1449 2577 Β.

284 2604 376 2654 190
