1919 3006
931 201 1184 249 CICERO

308 332 540 395 Corporis
582 338 756 377 autem
794 330 890 376 alia
926 331 1187 393 ponebant
1225 347 1334 377 esse
1369 334 1423 378 in
1457 338 1586 388 toto,
1623 331 1721 379 alia
1755 335 1806 379 in

308 410 553 473 partibus,
581 408 927 455 valetudinem
961 411 1089 454 Vires
1126 407 1556 470 pulchritudinem
1590 412 1644 456 in
1677 416 1807 466 toto,

309 491 362 534 in
396 487 624 549 partibus
663 492 837 532 autem
875 502 1048 532 sensus
1085 488 1310 549 integros
1351 494 1404 533 et
1441 490 1809 549 praestantiam

311 565 532 628 aliquam
572 566 795 626 partium
837 562 1165 627 singularum,
1202 569 1261 610 ut
1294 566 1348 610 in
1385 564 1599 626 pedibus
1638 564 1810 611 celeri-

311 650 494 698 tatem,
516 644 617 688 vim
648 645 700 687 in
727 641 978 696 manibus,
1001 640 1287 687 claritatem
1313 644 1364 687 in
1388 657 1527 698 voce,
1557 645 1610 688 in
1638 641 1811 705 lingua

234 731 289 770 20
316 723 471 767 etiam
532 719 859 781 explanatam
918 734 1097 764 vocum
1155 722 1552 781 impressionem.
1639 720 1811 766 Animi

238 1663 288 1702 21

313 805 488 845 autem
521 813 653 859 quae
695 803 866 842 essent
902 796 966 842 ad
1001 795 1532 858 comprehendendam
1568 800 1811 844 virtutem

312 876 512 930 idonea,
552 889 715 937 eaque
753 874 816 920 ab
856 877 925 920 eis
961 876 1014 919 in
1051 880 1286 920 naturam
1325 881 1378 920 et
1418 890 1583 921 mores
1623 874 1813 921 divide-

310 954 531 1000 bantur:
577 959 792 998 naturae
830 950 1148 997 celeritatem
1186 951 1251 998 ad
1286 951 1582 998 discendum
1620 958 1673 998 et
1706 968 1812 998 me-

310 1033 522 1077 moriam
547 1030 757 1085 dabant,
782 1045 997 1092 quorum
1024 1035 1299 1092 utrumque
1328 1032 1514 1075 mentis
1542 1037 1677 1076 esset
1700 1046 1813 1092 pro-

311 1112 477 1172 prium
503 1114 557 1154 et
580 1110 789 1170 ingenii,
807 1123 1006 1152 morum
1032 1113 1207 1153 autem
1231 1107 1487 1169 putabant
1511 1107 1681 1154 studia
1704 1122 1814 1153 esse

313 1194 367 1233 et
404 1188 547 1249 quasi
593 1184 1031 1239 consuetudinem,
1073 1200 1226 1247 quam
1271 1187 1458 1246 partim
1504 1184 1814 1232 adsiduitate

314 1265 710 1318 exercitationis,
743 1265 930 1324 partim
967 1264 1164 1308 ratione
1201 1260 1509 1318 formabant,
1544 1265 1597 1308 in
1633 1262 1814 1325 quibus

315 1348 426 1388 erat
452 1344 561 1404 ipsa
591 1338 922 1402 philosophia.
1001 1338 1062 1385 In
1098 1355 1199 1402 qua
1235 1339 1371 1402 quod
1406 1338 1700 1386 incohatum
1737 1345 1816 1386 est

314 1435 481 1482 neque
527 1417 814 1464 absolutum
858 1420 1141 1480 progressio
1179 1417 1433 1480 quaedam
1471 1417 1536 1464 ad
1572 1420 1815 1464 virtutem

315 1496 616 1560 appellatur,
636 1495 772 1558 quod
792 1501 966 1541 autem
986 1493 1292 1550 absolutum,
1310 1495 1362 1541 id
1383 1501 1461 1541 est
1478 1497 1654 1551 virtus,
1673 1497 1816 1558 quasi

315 1573 561 1637 perfectio
593 1580 808 1619 naturae
840 1575 1168 1635 omniumque
1199 1588 1368 1618 rerum
1400 1588 1525 1635 quas
1555 1575 1608 1618 in
1639 1575 1816 1618 animis

315 1658 512 1715 ponunt
532 1667 634 1697 una
650 1667 730 1697 res
752 1653 959 1712 optima.
1014 1650 1150 1713 Ergo
1170 1648 1297 1696 haec
1317 1653 1613 1696 animorum.
1667 1649 1818 1696 Vitae

316 1736 491 1776 autem
518 1728 590 1791 (id
617 1731 751 1774 enim
779 1734 890 1774 erat
915 1727 1147 1790 tertium)
1176 1727 1416 1774 adiuncta
1443 1743 1552 1773 esse
1579 1727 1819 1774 dicebant

317 1823 448 1870 quae
473 1806 538 1853 ad
559 1808 758 1852 virtutis
783 1821 930 1851 usum
953 1804 1197 1851 valerent.
1257 1804 1388 1850 Nam
1410 1807 1568 1851 virtus
1591 1807 1643 1850 in
1667 1807 1818 1850 animi

320 1885 463 1931 bonis
499 1890 552 1930 et
584 1886 636 1929 in
670 1885 887 1946 corporis
922 1885 1145 1928 cernitur
1180 1888 1233 1928 et
1265 1884 1318 1928 in
1351 1882 1654 1945 quibusdam
1688 1897 1820 1945 quae

320 1979 421 2009 non
452 1968 560 2008 tam
592 1968 807 2007 naturae
841 1976 994 2023 quam
1025 1960 1212 2006 beatae
1245 1962 1381 2006 vitae
1414 1959 1654 2006 adiuncta
1684 1966 1817 2006 sunt.

322 2039 596 2086 Hominem
644 2054 754 2084 esse
801 2038 1080 2084 censebant
1128 2039 1270 2100 quasi
1317 2043 1518 2100 partem
1565 2036 1820 2099 quandam

321 2120 538 2163 civitatis
583 2123 637 2163 et
678 2118 896 2162 universi
938 2117 1138 2178 generis
1180 2113 1405 2170 humani,
1449 2130 1668 2177 eumque
1712 2129 1821 2160 esse

322 2197 647 2241 coniunctum
661 2209 775 2239 cum
788 2192 1073 2239 hominibus
1087 2191 1310 2238 humana
1323 2191 1544 2254 quadam
1557 2194 1818 2238 societate.

322 2273 398 2319 Ac
420 2271 484 2319 de
507 2287 704 2318 summo
727 2270 934 2333 quidem
957 2276 1114 2332 atque
1138 2268 1354 2315 naturali
1377 2269 1510 2316 bono
1533 2271 1603 2316 sic
1626 2274 1786 2331 agunt
1807 2282 1820 2324 ;

385 2395 403 2414 ‘²
434 2389 572 2452 Quas}
603 2388 756 2451 marks
790 2389 1052 2459 consqetuclo
1084 2400 1133 2427 as
1167 2399 1194 2426 a
1227 2385 1490 2427 translation
1522 2386 1572 2427 of
1607 2390 1692 2426 ἔθος
1729 2385 1819 2426 and

329 2456 469 2537 5¹1&ng
471 2447 537 2538 ἷξε
554 2442 973 2537 ἶίῒέἃξῑῖῗὶῒῒὲἒῃῖἓηὲᾷὲ
977 2458 1099 2535 ‹st-erm
1123 2496 1319 2546 προκοπή.
1561 2499 1576 2518 ⁶
1605 2495 1821 2535 τελείωσις.

385 2550 403 2574 ‘²
432 2550 685 2592 Translates
705 2554 834 2601 μέρος.
1173 2554 1188 2574 ‘
1219 2551 1244 2598 ὴ
1265 2550 1493 2600 ἀνθρωπινὴ
1514 2550 1709 2589 κοινωνία.

328 2621 423 2664 430
