1853 3001
876 214 1128 264 CICERO

259 347 672 411 progredientem
728 349 824 394 via.
893 345 1082 394 Censet
1140 350 1275 394 enim
1331 349 1453 395 artis
1508 365 1748 398 maxume

259 422 515 481 proprium
538 434 647 465 esse
668 433 839 465 creare
863 426 916 465 et
936 421 1163 482 gignere,
1185 417 1422 482 quodque
1442 421 1495 465 in
1515 420 1749 482 operibus

259 497 543 537 nostrarum
568 493 752 536 artium
773 507 952 537 manus
976 490 1158 537 efficiat
1180 491 1232 537 id
1253 490 1414 538 multo
1439 492 1749 539 artificiosius

259 569 492 608 naturam
528 562 741 618 efficere,
775 563 827 609 id
863 569 940 609 est
975 569 1032 608 ut
1066 562 1169 609 dixi
1203 566 1375 626 ignem
1410 563 1750 620 artificiosum,

259 637 558 696 magistrum
595 637 779 680 artium
815 634 1136 697 reliquarum.
1207 635 1380 698 Atque
1415 634 1510 681 hac
1546 635 1752 698 quidem

259 708 454 752 ratione
478 710 637 753 omnis
659 715 841 754 natura
866 707 1133 755 artificiosa
1156 713 1250 763 est,
1274 708 1409 770 quod
1430 706 1588 754 habet
1611 710 1752 771 quasi

178 785 230 824 58
256 779 386 822 Viam
435 779 690 840 quandam
740 786 792 826 et
833 784 1026 826 sectam
1067 795 1219 841 quam
1263 786 1540 842 sequatur;
1597 782 1752 841 ipsius

260 864 377 896 vero
403 851 596 906 mundi,
625 853 710 913 qui
739 855 906 897 omnia
934 850 1183 914 conplexu
1210 867 1299 898 suo
1328 855 1530 897 coe‘rcet
1558 857 1612 898 et
1639 867 1754 898 con-

261 924 411 978 tinet,
439 930 623 969 natura
649 940 751 970 non
779 924 1046 971 artificiosa
1079 923 1240 971 solum
1267 923 1357 970 sed
1382 924 1533 987 plane
1567 923 1752 972 artifex

261 994 325 1040 ab
377 994 558 1041 eodem
609 995 812 1043 Zenone
864 997 1063 1053 dicitur,
1115 995 1389 1043 consultrix
1441 1004 1495 1044 et
1544 997 1754 1059 provida

259 1065 542 1114 utilitatum
581 1072 1125 1132 opportunitatumque
1168 1072 1407 1116 omnium.
1476 1069 1652 1132 Atque
1693 1076 1753 1118 ut

259 1145 461 1186 ceterae
499 1147 713 1187 naturae
751 1144 851 1188 suis
889 1142 1163 1189 seminibus
1202 1157 1437 1205 quaeque
1473 1144 1754 1206 gignuntur

261 1218 542 1276 augescunt
599 1216 942 1271 continentur,
989 1217 1059 1261 sic
1117 1220 1301 1261 natura
1352 1214 1528 1261 mundi
1576 1229 1751 1262 omnes

258 1292 426 1332 motus
459 1282 618 1332 habet
647 1285 954 1333 voluntarios
988 1294 1301 1351 conatusque
1330 1294 1383 1335 et
1411 1287 1752 1349 adpetitiones

259 1373 383 1420 quas
434 1356 579 1419 ὁρμάς
643 1358 824 1406 Graeci
886 1366 1086 1416 vocant,
1137 1368 1190 1408 et
1251 1360 1326 1407 his
1386 1368 1752 1408 consentaneas

259 1433 482 1477 actiones
509 1433 578 1477 sic
605 1430 815 1478 adhibet
840 1439 898 1479 ut
923 1439 1124 1479 nosmet
1148 1436 1243 1495 ipsi
1269 1436 1354 1496 qui
1381 1436 1558 1480 animis
1582 1449 1754 1480 move·

257 1517 371 1548 mur
404 1509 457 1549 et
490 1504 733 1550 sensibus.
801 1504 934 1551 Talis
968 1508 1124 1568 igitur
1155 1522 1297 1552 mens
1330 1505 1506 1552 mundi
1538 1522 1653 1552 oum
1686 1509 1752 1553 sit

260 1575 324 1621 ob
369 1592 585 1639 eamque
629 1593 832 1623 causam
875 1578 955 1624 vel
997 1579 1270 1641 prudentia
1311 1578 1391 1626 vel
1432 1579 1752 1642 providentia

260 1647 502 1709 appellari
535 1655 675 1695 recte
706 1652 864 1710 possit
890 1649 1106 1712 (Graece
1133 1653 1268 1697 enim
1302 1649 1499 1712 πρόνοια
1529 1651 1751 1714 dicitur),

258 1717 384 1766 haec
431 1723 749 1782 potissimum
797 1722 1030 1783 providet
1079 1729 1133 1769 et
1179 1725 1231 1769 in
1278 1721 1354 1770 his
1401 1726 1623 1769 maxime
1673 1730 1752 1770 est

259 1800 522 1855 occupata,
560 1797 779 1856 primum
816 1801 874 1841 ut
911 1795 1129 1842 mundus
1168 1812 1321 1858 quam
1359 1799 1646 1858 aptissimus
1684 1799 1751 1844 sit

259 1864 322 1911 ad
346 1867 767 1927 permanendum,
790 1867 975 1915 deinde
1000 1875 1058 1914 ut
1081 1867 1217 1914 nulla
1239 1884 1294 1914 re
1319 1875 1488 1932 egeat,
1511 1884 1751 1916 maxume

260 1943 433 1983 autem
465 1944 524 1984 ut
554 1940 606 1984 in
639 1954 699 1986 eo
733 1942 918 1986 eximia
948 1938 1270 2002 pulchritudo
1301 1943 1368 1988 sit
1400 1947 1556 2004 atque
1588 1944 1749 1988 omnis

260 2018 482 2057 ornatus,

172 2090 226 2130 59
313 2080 510 2127 XXIII.
554 2080 810 2128 “Dictum
849 2089 927 2129 est
960 2083 1024 2130 de
1058 2085 1289 2129 universo
1322 2083 1529 2138 mundo,
1555 2083 1748 2130 dictum

259 2155 414 2198 etiam
436 2159 514 2200 est
534 2152 598 2200 de
619 2154 882 2209 sideribus,
903 2161 961 2200 ut
980 2157 1080 2200 iam
1100 2169 1257 2215 prope
1276 2154 1483 2200 modum
1504 2161 1750 2216 appareat

256 2223 530 2271 multitudo
554 2241 648 2271 nec
671 2228 977 2272 cessantium
1000 2225 1210 2272 deorum
1233 2241 1327 2271 nec
1351 2240 1412 2271 ea
1435 2241 1566 2288 quae
1590 2232 1748 2289 agant

257 2294 574 2341 molientium
615 2313 730 2342 cum
770 2295 942 2342 labore
984 2312 1193 2358 operoso
1235 2311 1293 2342 ac
1331 2294 1590 2342 molesto..
1630 2295 1745 2344 Non

325 2397 344 2416 ⁰
373 2392 596 2445 Diogenes
625 2393 829 2434 Laertius
857 2394 929 2434 vii.
965 2396 1043 2434 156
1072 2397 1150 2444 πῦρ
1177 2395 1362 2443 τεχνικὸν
1393 2392 1469 2443 ὁδῷ
1497 2396 1660 2445 βάδιζον
1693 2397 1744 2436 εἰς

266 2449 598 2548 ὙέιῗἍνῙ-’ῑςῒοῒίᾳ
620 2501 751 2553 Phys.
770 2502 813 2542 ii.
835 2503 862 2541 2
883 2503 906 2549 ἡ
927 2502 1053 2551 τέχνη
1073 2502 1249 2549 μιμεῖται
1270 2503 1342 2549 τὴν
1364 2503 1500 2550 φύσιν.

325 2559 339 2577 ⁰
370 2554 592 2606 Diogenes
613 2555 664 2596 L.
687 2557 759 2595 vii.
782 2557 836 2595 86
856 2558 1042 2606 τεχνίτης
1063 2557 1082 2595 ὀ
1101 2557 1222 2606 λόγος
1242 2557 1310 2604 τῆς
1332 2557 1464 2606 ὁρμῆς.

270 2630 357 2676 178
