1919 3006
936 188 1187 237 CICERO

320 336 405 367 eos
441 321 590 367 rebus
625 319 857 367 humanis
881 336 893 367 ε
938 318 1081 376 haec,
1108 323 1149 367 si
1180 326 1319 367 recte
1348 322 1573 376 memini,
1600 321 1808 384 partitio

321 393 468 442 fuit.”

388 467 414 483 “
440 467 754 514 Rectissume
778 466 806 483 ’'
837 470 1001 530 inquit
1033 466 1236 523 Balbus,
1267 464 1296 483 ‘⁶
1319 466 1410 514 sed
1440 473 1656 529 expecto
1687 465 1809 530 quid

323 539 599 603 requiras.’'

276 619 300 658 7
387 613 516 659 Tum
547 612 700 659 Cotta
729 611 757 628 “
781 612 1005 659 Primum
1036 612 1258 675 quidque
1288 611 1547 659 videamus
1570 609 1599 627 ”
1627 614 1810 674 inquit,

326 692 356 713 “
376 692 428 731 et
448 688 487 731 si
511 686 562 732 id
583 692 659 731 est
678 688 896 748 primum
916 686 1052 748 quod
1070 688 1203 731 inter
1227 687 1386 731 omnis
1415 686 1508 731 nisi
1539 684 1811 730 admodum

325 762 503 822 impios
540 763 791 816 convenit,
818 759 940 806 mihi
968 760 1174 823 quidem
1211 775 1274 805 ex
1311 762 1477 805 animo
1509 761 1679 805 excuti
1711 774 1811 805 non

326 841 499 897 potest
537 850 646 880 esse
685 834 823 890 deos,
858 834 911 880 id
945 840 1120 880 tamen
1155 836 1338 896 ipsum,
1373 832 1510 896 quod
1543 831 1664 878 mihi
1700 847 1812 894 per-

327 924 529 955 suasum
558 914 636 954 est
662 911 967 954 auctoritate
994 910 1257 963 maiorum,
1284 923 1371 953 cur
1396 909 1470 952 ita
1495 908 1578 962 sit,
1604 904 1728 952 nihil
1752 911 1810 952 tu

325 996 409 1027 me
433 979 635 1027 doces.''

391 1051 419 1069 “
439 1053 575 1111 Quid
621 1059 700 1099 est
718 1051 747 1068 ’'
791 1055 958 1115 inquit
1002 1051 1205 1108 Balbus,
1242 1049 1270 1068 “
1294 1053 1335 1098 si
1379 1051 1473 1098 tibi
1517 1066 1810 1114 persuasum

328 1133 423 1184 est,
445 1144 533 1174 cur
554 1143 585 1174 a
604 1143 688 1173 me
710 1126 830 1173 velis
854 1127 1045 1173 discere
1067 1126 1087 1173 ?
1111 1125 1140 1142 ''

390 1201 520 1247 Tum
568 1200 721 1247 Cotta
769 1199 797 1216 “
822 1199 955 1258 Quia
1001 1202 1070 1247 sic
1118 1199 1385 1263 adgredior
1407 1196 1436 1214 ”
1482 1200 1649 1262 inquit
1695 1195 1724 1214 “
1747 1197 1813 1245 ad

327 1274 456 1322 hanc
481 1276 877 1338 disputationem
902 1277 1044 1338 quasi
1068 1273 1190 1320 nihil
1214 1290 1456 1337 umquam
1480 1272 1724 1320 audierim
1747 1271 1813 1319 de

329 1349 404 1395 dis
444 1347 792 1395 inmortalibus
833 1346 956 1393 nihil
996 1350 1358 1411 cogitaverim3
1415 1345 1594 1393 rudem
1633 1360 1717 1392 me
1759 1350 1813 1391 et

327 1426 583 1487 integrum
636 1422 934 1485 discipulum
988 1425 1157 1485 accipe
1211 1427 1265 1468 et
1317 1437 1378 1468 ea
1429 1435 1562 1485 quae
1612 1421 1812 1483 requiro

328 1497 504 1545 doce.'’

279 1577 307 1618 8
393 1570 421 1587 “
447 1571 541 1617 Dic
574 1574 730 1635 igitur
751 1569 780 1586 '’
813 1573 978 1633 inquit
1012 1568 1041 1586 “
1065 1570 1184 1633 quid
1218 1566 1495 1632 requiras.”

393 1642 421 1660 “
446 1644 663 1707 Egone?
711 1646 930 1706 primum
964 1642 1103 1698 illud,
1134 1658 1237 1697 cur,
1270 1645 1443 1705 quom1
1473 1639 1812 1705 [perspicuum

328 1714 421 1780 in]²
445 1720 593 1762 istam
614 1721 833 1778 partem³
854 1731 918 1761 ne
939 1731 1090 1778 egere
1116 1715 1320 1778 quidem
1341 1716 1566 1760 oratione
1586 1713 1812 1768 dixisses,

330 1792 466 1855 quod
515 1799 650 1838 esset
700 1793 1020 1853 perspicuum
1069 1796 1123 1837 et
1169 1793 1303 1836 inter
1350 1791 1511 1836 omnis
1558 1794 1813 1834 constaret

328 1866 478 1915 <deos
507 1870 682 1921 esse>‚⁴
711 1866 775 1912 de
804 1881 864 1912 eo
891 1868 999 1928 ipso
1026 1871 1134 1911 tam
1161 1863 1322 1910 multa
1350 1861 1587 1910 dixeris.’'

395 1939 576 1998 “Quia
616 1946 671 1986 te
709 1937 959 2002 quoque''
1000 1941 1166 2001 inquit
1207 1936 1235 1953 “
1256 1936 1605 1990 animadverti,
1642 1934 1812 1990 Cotta,

330 2028 483 2075 saepe
505 2029 619 2058 cum
640 2015 692 2058 in
713 2010 820 2058 foro
843 2011 1034 2057 diceres
1057 2027 1209 2074 quam
1229 2009 1454 2072 plurimis
1475 2024 1646 2071 posses
1669 2024 1814 2071 argu-

330 2089 514 2131 mentis
540 2101 747 2131 onerare
770 2085 1005 2139 iudicem,
1029 2086 1068 2130 si
1091 2083 1240 2130 modo
1265 2098 1378 2128 eam
1401 2080 1697 2128 facultatem
1721 2081 1812 2126 tibi

331 2160 477 2206 daret
507 2177 670 2206 causa.
740 2161 913 2222 Atque
943 2158 1036 2205 hoc
1064 2159 1200 2205 idem
1231 2164 1285 2204 et
1312 2155 1592 2220 philosophi
1621 2154 1814 2202 faciunt

331 2240 385 2280 et
429 2249 523 2296 ego
566 2240 624 2280 ut
665 2236 809 2295 potui
850 2231 962 2278 feci.
1034 2231 1110 2278 Tu
1154 2237 1326 2277 autem
1370 2232 1455 2292 qui
1496 2229 1568 2276 id⁵
1611 2231 1809 2292 quaeris

330 2306 558 2354 similiter
582 2305 703 2353 facis
730 2323 787 2353 ac
812 2309 852 2353 si
877 2322 959 2352 me
985 2321 1131 2368 roges
1156 2321 1244 2351 cur
1267 2310 1322 2350 te
1347 2303 1543 2350 duobus
1568 2309 1811 2349 contuear

391 2424 410 2450 ²
439 2437 575 2476 quom
596 2424 950 2465 Forchhammer:
984 2422 1117 2475 quod.
1369 2421 1386 2446 ²
1413 2420 1509 2461 secl.
1532 2419 1756 2472 Plasbery.

449 2480 466 2504 ³
497 2480 539 2518 in
557 2481 638 2519 ista
654 2477 1136 2585 partitiopgtllgegzctlizzsg:
1157 2547 1167 2572 τ
1200 2475 1335 2582 qued*
1357 2475 1461 2515 add.
1485 2473 1706 2526 Plasbery.

340 2622 436 2671 292
