1919 3006
959 200 1212 249 CICERO

335 346 668 396 pugnumque
736 329 947 386 fecerat,
1016 333 1451 392 comprensionem
1518 329 1656 377 illam
1723 346 1834 378 esse

336 420 540 466 dicebat
561 418 684 482 (qua
705 434 768 464 ex
789 417 1116 465 similitudine
1139 420 1295 464 etiam
1315 434 1502 464 nomen
1522 421 1569 464 ei
1587 421 1679 474 rei,
1698 418 1834 482 quod

336 514 456 554 ante
495 523 596 553 non
634 505 820 561 fuerat,
851 505 1128 567 κατάληψιν
1159 505 1456 569 imposuit);
1512 522 1628 553 cum
1660 513 1834 552 autem

335 594 533 641 laevam
576 611 784 640 manum
829 593 1124 640 admoverat
1169 600 1223 640 et
1266 593 1407 639 illum
1449 610 1679 657 pugnum
1724 601 1834 641 arte

336 681 771 744 vehementerque
808 688 1193 743 compresserat,
1231 684 1495 727 scientiam
1530 680 1689 728 talem
1725 697 1835 729 esse

337 770 557 824 dicebat,
575 773 714 815 cuius
732 776 1021 831 compotem
1038 772 1131 815 nisi
1149 772 1434 831 sapientem
1452 785 1561 815 esse
1578 772 1836 815 neminem

335 858 492 904 -sed
516 860 602 920 qui
627 860 826 919 sapiens
851 859 916 903 sit
942 863 1031 902 aut
1054 855 1210 903 fuerit
1233 872 1298 902 ne
1322 859 1417 919 ipsi
1441 857 1648 919 quidem
1672 855 1837 904 solent

337 946 519 992 dicere.
590 944 674 991 Ita
706 952 765 991 tu
798 961 949 1000 nunc,
984 943 1183 999 Catule,
1217 943 1386 990 lucere
1421 947 1599 1000 nescis,
1633 960 1727 991 nec
1760 951 1837 1000 tu,

233 1043 312 1082 146
339 1033 597 1086 Hortensi,
633 1036 686 1078 in
721 1039 813 1078 tua
847 1031 963 1077 villa
999 1049 1088 1078 nos
1126 1032 1268 1078 esse!
1340 1032 1476 1078 Num
1510 1035 1676 1079 minus
1710 1031 1837 1079 haec

337 1121 579 1167 invidiose
630 1120 907 1166 dicuntur?
975 1135 1069 1166 nec
1117 1127 1293 1166 tamen
1341 1123 1488 1166 nimis
1539 1119 1837 1184 eleganter;

336 1209 421 1255 illa
464 1207 710 1255 subtilius.
790 1206 892 1254 Sed
935 1224 1034 1270 quo
1078 1208 1229 1254 modo
1273 1215 1349 1263 tu,
1392 1211 1434 1254 si
1476 1206 1837 1271 comprehendi

337 1295 456 1342 nihil
507 1303 697 1358 posset,
748 1295 959 1341 artificia
1007 1295 1270 1342 concidere
1320 1295 1523 1342 dicebas
1571 1311 1666 1342 nec
1713 1294 1837 1342 mihi

337 1384 493 1431 dabas
535 1384 588 1430 id
630 1383 766 1446 quod
806 1382 1067 1445 probabile
1112 1390 1248 1429 esset
1290 1386 1411 1430 satis
1452 1399 1693 1447 magnam
1734 1385 1834 1429 vim

336 1471 526 1518 habere
557 1471 621 1518 ad
651 1478 803 1526 artes,
833 1474 902 1517 sic
932 1487 1027 1534 ego
1056 1487 1189 1517 nunc
1218 1472 1312 1518 tibi
1340 1469 1505 1517 refero
1535 1478 1700 1518 artem
1728 1473 1836 1517 sine

337 1562 550 1606 scientia
587 1575 696 1605 esse
734 1575 835 1605 non
871 1574 1032 1620 posse.
1105 1559 1189 1605 An
1223 1566 1489 1621 pateretur
1524 1557 1618 1605 hoc
1654 1558 1837 1605 Zeuxis

339 1654 428 1694 aut
459 1646 662 1693 Phidias
695 1654 784 1693 aut
816 1645 1108 1709 Polyclitus,
1139 1645 1262 1692 nihil
1292 1662 1346 1693 se
1378 1649 1520 1701 scire,
1551 1663 1666 1693 cum
1696 1649 1749 1692 in
1777 1649 1838 1693 iis

338 1742 474 1781 esset
508 1741 656 1780 tanta
691 1733 953 1780 sollertia?
1023 1733 1215 1792 Quodsi
1251 1750 1336 1780 eos
1371 1734 1624 1781 docuisset
1660 1732 1837 1796 aliquis

338 1839 492 1885 quam
547 1825 648 1867 vim
703 1820 894 1867 habere
951 1821 1205 1868 diceretur
1261 1824 1489 1878 scientia,
1545 1822 1838 1868 desinerent

337 1913 481 1956 irasci
505 1926 516 1955 ι
555 1925 620 1955 ne
642 1910 785 1955 nobis
807 1909 1014 1971 quidem
1036 1916 1389 1956 suscenserent
1409 1925 1524 1955 cum
1545 1909 1838 1956 didicissent

337 1998 390 2044 id
414 1996 592 2044 tollere
619 2013 708 2043 nos
735 1997 871 2060 quod
896 2014 1146 2060 nusquam
1174 2004 1326 2053 esset,
1353 1997 1490 2060 quod
1515 2004 1689 2043 autem
1715 1999 1837 2043 satis

339 2092 475 2131 esset
523 2087 641 2147 ipsis
689 2083 990 2147 relinquere.
1075 2084 1243 2142 Quam
1290 2087 1541 2131 rationem
1589 2086 1835 2130 maiorum

340 2176 495 2218 etiam
527 2173 824 2234 comprobat
857 2171 1138 2236 diligentia,
1172 2175 1257 2235 qui
1288 2175 1507 2235 primum
1537 2174 1703 2218 iurare
1735 2170 1746 2187 ‘
1772 2187 1836 2217 ex

339 2263 414 2306 sui
444 2263 595 2305 animi
627 2263 884 2306 sententia
908 2259 917 2274 '
949 2275 1204 2322 quemque
1234 2258 1519 2314 voluerunt,
1548 2258 1733 2306 deinde
1761 2261 1836 2305 ita

339 2350 504 2393 teneri
551 2346 625 2393 ‘si
672 2350 833 2393 sciens
879 2345 1081 2393 falleret
1103 2346 1113 2362 ’
1161 2347 1319 2410 (quod
1363 2349 1630 2394 inscientia
1673 2345 1836 2392 multa

340 2441 624 2480 versaretur
655 2437 707 2479 in
738 2436 881 2495 vita),
913 2442 1024 2480 tum
1056 2437 1141 2496 qui
1173 2437 1522 2480 testimonium
1553 2434 1746 2480 diceret
1777 2440 1835 2480 ut

721 2523 872 2527 --
896 2558 915 2576 ⁶
943 2551 1027 2593 See
1048 2557 1066 2601 ς
1085 2555 1140 2593 232
1161 2555 1277 2596 note.

338 2605 437 2655 654
