<?xml version="1.0" encoding="UTF-8"?>
<!DOCTYPE html PUBLIC "-//W3C//DTD XHTML 1.0 Transitional//EN"
    "http://www.w3.org/TR/xhtml1/DTD/xhtml1-transitional.dtd">
<html xmlns="http://www.w3.org/1999/xhtml" xml:lang="en" lang="en">
 <head>
  <title>
</title>
<meta http-equiv="Content-Type" content="text/html;charset=utf-8" />
  <meta name='ocr-system' content='tesseract 3.04.00' />
  <meta name='ocr-capabilities' content='ocr_page ocr_carea ocr_par ocr_line ocrx_word'/>
</head>
<body>
  <div class='ocr_page' id='page_1' title='image "./denaturadeorumac00ciceuoft_0504.png"; bbox 0 0 1919 3006; ppageno 0'>
   <div class='ocr_carea' id='block_1_1' title="bbox 941 188 1193 237">
    <p class='ocr_par' dir='ltr' id='par_1_1' title="bbox 941 188 1193 237">
     <span class='ocr_line' id='line_1_1' title="bbox 941 188 1193 237; baseline 0 0"><span class='ocrx_word' id='word_1_1' title='bbox 941 188 1193 237; x_wconf 90' lang='lat' dir='ltr'>CICERO</span> 
     </span>
    </p>
   </div>
   <div class='ocr_carea' id='block_1_2' title="bbox 274 315 1829 2269">
    <p class='ocr_par' dir='ltr' id='par_1_2' title="bbox 318 315 1820 814">
     <span class='ocr_line' id='line_1_2' title="bbox 318 315 1814 382; baseline -0.001 -16"><span class='ocrx_word' id='word_1_2' title='bbox 318 322 633 382; x_wconf 80' lang='lat' dir='ltr'>scientiaque</span> <span class='ocrx_word' id='word_1_3' title='bbox 686 325 955 381; x_wconf 87' lang='lat' dir='ltr'>putaretur</span> <span class='ocrx_word' id='word_1_4' title='bbox 1007 315 1289 364; x_wconf 80' lang='lat' dir='ltr'><strong>Antiochus</strong></span> <span class='ocrx_word' id='word_1_5' title='bbox 1342 315 1563 364; x_wconf 91' lang='lat' dir='ltr'>Philonis</span> <span class='ocrx_word' id='word_1_6' title='bbox 1616 316 1814 364; x_wconf 80' lang='lat' dir='ltr'>auditor</span> 
     </span>
     <span class='ocr_line' id='line_1_3' title="bbox 321 390 1817 456; baseline -0.002 -15"><span class='ocrx_word' id='word_1_7' title='bbox 321 394 590 449; x_wconf 82' lang='lat' dir='ltr'>excellere,</span> <span class='ocrx_word' id='word_1_8' title='bbox 634 409 751 440; x_wconf 89' lang='lat' dir='ltr'>eum</span> <span class='ocrx_word' id='word_1_9' title='bbox 793 409 965 440; x_wconf 88' lang='lat' dir='ltr'>seeum</span> <span class='ocrx_word' id='word_1_10' title='bbox 1008 399 1062 440; x_wconf 94' lang='lat' dir='ltr'>et</span> <span class='ocrx_word' id='word_1_11' title='bbox 1098 399 1338 456; x_wconf 81' lang='lat' dir='ltr'>quaestor</span> <span class='ocrx_word' id='word_1_12' title='bbox 1377 390 1559 439; x_wconf 79' lang='lat' dir='ltr'><strong>habuit</strong></span> <span class='ocrx_word' id='word_1_13' title='bbox 1606 399 1661 439; x_wconf 91' lang='lat' dir='ltr'>et</span> <span class='ocrx_word' id='word_1_14' title='bbox 1699 397 1817 454; x_wconf 86' lang='lat' dir='ltr'>post</span> 
     </span>
     <span class='ocr_line' id='line_1_4' title="bbox 322 469 1818 532; baseline -0.001 -17"><span class='ocrx_word' id='word_1_15' title='bbox 322 469 515 532; x_wconf 78' lang='lat' dir='ltr'>aliquot</span> <span class='ocrx_word' id='word_1_16' title='bbox 553 485 709 515; x_wconf 91' lang='lat' dir='ltr'>annos</span> <span class='ocrx_word' id='word_1_17' title='bbox 745 471 1039 531; x_wconf 88' lang='lat' dir='ltr'>imperator,</span> <span class='ocrx_word' id='word_1_18' title='bbox 1077 470 1265 531; x_wconf 90' lang='lat' dir='ltr'>quique</span> <span class='ocrx_word' id='word_1_19' title='bbox 1303 473 1441 514; x_wconf 87' lang='lat' dir='ltr'>esset</span> <span class='ocrx_word' id='word_1_20' title='bbox 1476 483 1538 514; x_wconf 91' lang='lat' dir='ltr'>ea</span> <span class='ocrx_word' id='word_1_21' title='bbox 1571 469 1818 514; x_wconf 89' lang='lat' dir='ltr'>memoria</span> 
     </span>
     <span class='ocr_line' id='line_1_5' title="bbox 323 541 1817 607; baseline -0.001 -16"><span class='ocrx_word' id='word_1_22' title='bbox 323 561 477 607; x_wconf 92' lang='lat' dir='ltr'>quam</span> <span class='ocrx_word' id='word_1_23' title='bbox 512 550 633 590; x_wconf 87' lang='lat' dir='ltr'>ante</span> <span class='ocrx_word' id='word_1_24' title='bbox 669 543 791 599; x_wconf 77' lang='lat' dir='ltr'>dixi,</span> <span class='ocrx_word' id='word_1_25' title='bbox 827 559 889 589; x_wconf 95' lang='lat' dir='ltr'>ea</span> <span class='ocrx_word' id='word_1_26' title='bbox 922 559 1075 605; x_wconf 81' lang='lat' dir='ltr'>saepe</span> <span class='ocrx_word' id='word_1_27' title='bbox 1111 542 1364 590; x_wconf 89' lang='lat' dir='ltr'>audiendo</span> <span class='ocrx_word' id='word_1_28' title='bbox 1398 541 1546 589; x_wconf 87' lang='lat' dir='ltr'>facile</span> <span class='ocrx_word' id='word_1_29' title='bbox 1579 544 1817 606; x_wconf 88' lang='lat' dir='ltr'>cognovit</span> 
     </span>
     <span class='ocr_line' id='line_1_6' title="bbox 323 615 1820 682; baseline -0.001 -18"><span class='ocrx_word' id='word_1_30' title='bbox 323 634 455 682; x_wconf 81' lang='lat' dir='ltr'>quae</span> <span class='ocrx_word' id='word_1_31' title='bbox 473 616 553 664; x_wconf 81' lang='lat' dir='ltr'>vel</span> <span class='ocrx_word' id='word_1_32' title='bbox 569 616 728 664; x_wconf 90' lang='lat' dir='ltr'>semel</span> <span class='ocrx_word' id='word_1_33' title='bbox 745 617 921 664; x_wconf 87' lang='lat' dir='ltr'>audita</span> <span class='ocrx_word' id='word_1_34' title='bbox 936 619 1225 664; x_wconf 74' lang='lat' dir='ltr'>meminisse</span> <span class='ocrx_word' id='word_1_35' title='bbox 1242 619 1508 680; x_wconf 91' lang='lat' dir='ltr'>potuisset.</span> <span class='ocrx_word' id='word_1_36' title='bbox 1576 615 1820 663; x_wconf 87' lang='lat' dir='ltr'>Delecta-</span> 
     </span>
     <span class='ocr_line' id='line_1_7' title="bbox 322 690 1819 754; baseline -0.001 -15"><span class='ocrx_word' id='word_1_37' title='bbox 322 693 475 739; x_wconf 86' lang='lat' dir='ltr'>batur</span> <span class='ocrx_word' id='word_1_38' title='bbox 518 698 692 738; x_wconf 91' lang='lat' dir='ltr'>autem</span> <span class='ocrx_word' id='word_1_39' title='bbox 734 691 942 738; x_wconf 86' lang='lat' dir='ltr'>mirifice</span> <span class='ocrx_word' id='word_1_40' title='bbox 983 690 1203 738; x_wconf 90' lang='lat' dir='ltr'>lectione</span> <span class='ocrx_word' id='word_1_41' title='bbox 1245 690 1485 738; x_wconf 88' lang='lat' dir='ltr'>librorum</span> <span class='ocrx_word' id='word_1_42' title='bbox 1528 690 1593 738; x_wconf 93' lang='lat' dir='ltr'>de</span> <span class='ocrx_word' id='word_1_43' title='bbox 1635 691 1819 754; x_wconf 85' lang='lat' dir='ltr'>quibus</span> 
     </span>
     <span class='ocr_line' id='line_1_8' title="bbox 327 767 609 814; baseline 0.004 -1"><span class='ocrx_word' id='word_1_44' title='bbox 327 767 609 814; x_wconf 84' lang='lat' dir='ltr'>audiebat.²</span> 
     </span>
    </p>

    <p class='ocr_par' dir='ltr' id='par_1_3' title="bbox 274 839 1828 1655">
     <span class='ocr_line' id='line_1_9' title="bbox 274 839 1822 902; baseline -0.003 -11"><span class='ocrx_word' id='word_1_45' title='bbox 274 852 301 892; x_wconf 85' lang='lat'><strong>5</strong></span> <span class='ocrx_word' id='word_1_46' title='bbox 389 844 465 888; x_wconf 91' lang='lat' dir='ltr'>Ac</span> <span class='ocrx_word' id='word_1_47' title='bbox 503 857 681 888; x_wconf 87' lang='lat' dir='ltr'>vereor</span> <span class='ocrx_word' id='word_1_48' title='bbox 717 841 978 887; x_wconf 89' lang='lat' dir='ltr'>interdum</span> <span class='ocrx_word' id='word_1_49' title='bbox 1015 856 1081 887; x_wconf 91' lang='lat' dir='ltr'>ne</span> <span class='ocrx_word' id='word_1_50' title='bbox 1120 839 1300 887; x_wconf 90' lang='lat' dir='ltr'>talium</span> <span class='ocrx_word' id='word_1_51' title='bbox 1338 855 1668 902; x_wconf 88' lang='lat' dir='ltr'>personarum</span> <span class='ocrx_word' id='word_1_52' title='bbox 1705 855 1822 886; x_wconf 89' lang='lat' dir='ltr'>cum</span> 
     </span>
     <span class='ocr_line' id='line_1_10' title="bbox 326 912 1822 978; baseline -0.001 -16"><span class='ocrx_word' id='word_1_53' title='bbox 326 915 634 978; x_wconf 89' lang='lat' dir='ltr'>amplificare</span> <span class='ocrx_word' id='word_1_54' title='bbox 653 914 804 961; x_wconf 83' lang='lat' dir='ltr'>velim</span> <span class='ocrx_word' id='word_1_55' title='bbox 821 918 1049 961; x_wconf 90' lang='lat' dir='ltr'>minuam</span> <span class='ocrx_word' id='word_1_56' title='bbox 1068 918 1225 960; x_wconf 89' lang='lat' dir='ltr'>etiam</span> <span class='ocrx_word' id='word_1_57' title='bbox 1243 913 1470 978; x_wconf 82' lang='lat' dir='ltr'><strong>gloriam.</strong></span> <span class='ocrx_word' id='word_1_58' title='bbox 1538 912 1670 960; x_wconf 83' lang='lat' dir='ltr'>Sunt</span> <span class='ocrx_word' id='word_1_59' title='bbox 1686 916 1822 960; x_wconf 89' lang='lat' dir='ltr'>enim</span> 
     </span>
     <span class='ocr_line' id='line_1_11' title="bbox 325 988 1822 1054; baseline -0.001 -17"><span class='ocrx_word' id='word_1_60' title='bbox 325 991 475 1038; x_wconf 90' lang='lat' dir='ltr'>multi</span> <span class='ocrx_word' id='word_1_61' title='bbox 500 994 587 1054; x_wconf 92' lang='lat' dir='ltr'>qui</span> <span class='ocrx_word' id='word_1_62' title='bbox 612 994 815 1037; x_wconf 89' lang='lat' dir='ltr'>omnino</span> <span class='ocrx_word' id='word_1_63' title='bbox 842 990 1062 1037; x_wconf 90' lang='lat' dir='ltr'>Graecas</span> <span class='ocrx_word' id='word_1_64' title='bbox 1087 1006 1190 1036; x_wconf 90' lang='lat' dir='ltr'>non</span> <span class='ocrx_word' id='word_1_65' title='bbox 1215 996 1391 1036; x_wconf 87' lang='lat' dir='ltr'>ament</span> <span class='ocrx_word' id='word_1_66' title='bbox 1413 988 1629 1046; x_wconf 78' lang='lat' dir='ltr'>litteras,</span> <span class='ocrx_word' id='word_1_67' title='bbox 1653 988 1822 1051; x_wconf 90' lang='lat' dir='ltr'>plures</span> 
     </span>
     <span class='ocr_line' id='line_1_12' title="bbox 327 1063 1825 1129; baseline -0.001 -17"><span class='ocrx_word' id='word_1_68' title='bbox 327 1069 413 1129; x_wconf 88' lang='lat' dir='ltr'>qui</span> <span class='ocrx_word' id='word_1_69' title='bbox 444 1065 845 1129; x_wconf 83' lang='lat' dir='ltr'>philosophiam3</span> <span class='ocrx_word' id='word_1_70' title='bbox 879 1065 1081 1128; x_wconf 82' lang='lat' dir='ltr'>reliqui2</span> <span class='ocrx_word' id='word_1_71' title='bbox 1111 1068 1269 1111; x_wconf 90' lang='lat' dir='ltr'>etiam</span> <span class='ocrx_word' id='word_1_72' title='bbox 1293 1067 1334 1111; x_wconf 93' lang='lat' dir='ltr'>si</span> <span class='ocrx_word' id='word_1_73' title='bbox 1361 1063 1489 1111; x_wconf 89' lang='lat' dir='ltr'>haec</span> <span class='ocrx_word' id='word_1_74' title='bbox 1513 1081 1615 1111; x_wconf 93' lang='lat' dir='ltr'>non</span> <span class='ocrx_word' id='word_1_75' title='bbox 1637 1067 1825 1127; x_wconf 90' lang='lat' dir='ltr'>impro-</span> 
     </span>
     <span class='ocr_line' id='line_1_13' title="bbox 325 1140 1824 1203; baseline -0.002 -15"><span class='ocrx_word' id='word_1_76' title='bbox 325 1142 491 1197; x_wconf 82' lang='lat' dir='ltr'>bant,³</span> <span class='ocrx_word' id='word_1_77' title='bbox 510 1148 688 1188; x_wconf 89' lang='lat' dir='ltr'>tamen</span> <span class='ocrx_word' id='word_1_78' title='bbox 709 1157 883 1187; x_wconf 89' lang='lat' dir='ltr'>earum</span> <span class='ocrx_word' id='word_1_79' title='bbox 903 1157 1073 1187; x_wconf 88' lang='lat' dir='ltr'>rerum</span> <span class='ocrx_word' id='word_1_80' title='bbox 1098 1140 1497 1203; x_wconf 85' lang='lat' dir='ltr'>disputationem</span> <span class='ocrx_word' id='word_1_81' title='bbox 1515 1140 1824 1202; x_wconf 88' lang='lat' dir='ltr'>principibus</span> 
     </span>
     <span class='ocr_line' id='line_1_14' title="bbox 327 1215 1823 1278; baseline -0.001 -16"><span class='ocrx_word' id='word_1_82' title='bbox 327 1220 546 1263; x_wconf 66' lang='lat' dir='ltr'>civitatis</span> <span class='ocrx_word' id='word_1_83' title='bbox 575 1233 677 1262; x_wconf 91' lang='lat' dir='ltr'>non</span> <span class='ocrx_word' id='word_1_84' title='bbox 704 1219 779 1262; x_wconf 91' lang='lat' dir='ltr'>ita</span> <span class='ocrx_word' id='word_1_85' title='bbox 811 1216 1047 1263; x_wconf 85' lang='lat' dir='ltr'>decoram</span> <span class='ocrx_word' id='word_1_86' title='bbox 1075 1221 1301 1278; x_wconf 74' lang='lat' dir='ltr'>putant.⁴</span> <span class='ocrx_word' id='word_1_87' title='bbox 1366 1215 1478 1278; x_wconf 86' lang='lat' dir='ltr'>Ego</span> <span class='ocrx_word' id='word_1_88' title='bbox 1506 1222 1681 1261; x_wconf 89' lang='lat' dir='ltr'>autem</span> <span class='ocrx_word' id='word_1_89' title='bbox 1708 1231 1823 1261; x_wconf 90' lang='lat' dir='ltr'>cum</span> 
     </span>
     <span class='ocr_line' id='line_1_15' title="bbox 329 1290 1824 1338; baseline -0.001 -1"><span class='ocrx_word' id='word_1_90' title='bbox 329 1291 549 1338; x_wconf 83' lang='lat' dir='ltr'>Graecas</span> <span class='ocrx_word' id='word_1_91' title='bbox 579 1290 778 1338; x_wconf 82' lang='lat' dir='ltr'>litteras</span> <span class='ocrx_word' id='word_1_92' title='bbox 813 1290 888 1338; x_wconf 92' lang='lat' dir='ltr'>M.</span> <span class='ocrx_word' id='word_1_93' title='bbox 925 1290 1174 1337; x_wconf 91' lang='lat' dir='ltr'>Catonem</span> <span class='ocrx_word' id='word_1_94' title='bbox 1205 1293 1258 1336; x_wconf 93' lang='lat' dir='ltr'>in</span> <span class='ocrx_word' id='word_1_95' title='bbox 1289 1296 1558 1337; x_wconf 88' lang='lat' dir='ltr'>senectute</span> <span class='ocrx_word' id='word_1_96' title='bbox 1591 1290 1824 1337; x_wconf 79' lang='lat' dir='ltr'>didicisse</span> 
     </span>
     <span class='ocr_line' id='line_1_16' title="bbox 328 1363 1826 1429; baseline -0.001 -17"><span class='ocrx_word' id='word_1_97' title='bbox 328 1369 628 1429; x_wconf 83' lang='lat' dir='ltr'>acceperim,</span> <span class='ocrx_word' id='word_1_98' title='bbox 676 1365 732 1413; x_wconf 89' lang='lat' dir='ltr'>P.</span> <span class='ocrx_word' id='word_1_99' title='bbox 777 1372 952 1412; x_wconf 91' lang='lat' dir='ltr'>autem</span> <span class='ocrx_word' id='word_1_100' title='bbox 999 1364 1226 1412; x_wconf 86' lang='lat' dir='ltr'>Africani</span> <span class='ocrx_word' id='word_1_101' title='bbox 1272 1363 1511 1412; x_wconf 86' lang='lat' dir='ltr'>historiae</span> <span class='ocrx_word' id='word_1_102' title='bbox 1551 1364 1826 1428; x_wconf 90' lang='lat' dir='ltr'>loquantur</span> 
     </span>
     <span class='ocr_line' id='line_1_17' title="bbox 328 1440 1827 1506; baseline 0 -18"><span class='ocrx_word' id='word_1_103' title='bbox 328 1445 381 1488; x_wconf 88' lang='lat' dir='ltr'>in</span> <span class='ocrx_word' id='word_1_104' title='bbox 421 1441 681 1506; x_wconf 83' lang='lat' dir='ltr'>legatione</span> <span class='ocrx_word' id='word_1_105' title='bbox 718 1440 803 1487; x_wconf 88' lang='lat' dir='ltr'>illa</span> <span class='ocrx_word' id='word_1_106' title='bbox 844 1440 1000 1488; x_wconf 90' lang='lat' dir='ltr'>nobili</span> <span class='ocrx_word' id='word_1_107' title='bbox 1043 1458 1195 1504; x_wconf 87' lang='lat' dir='ltr'>quam</span> <span class='ocrx_word' id='word_1_108' title='bbox 1233 1447 1354 1487; x_wconf 90' lang='lat' dir='ltr'>ante</span> <span class='ocrx_word' id='word_1_109' title='bbox 1395 1456 1660 1487; x_wconf 89' lang='lat' dir='ltr'>censuram</span> <span class='ocrx_word' id='word_1_110' title='bbox 1700 1440 1827 1488; x_wconf 85' lang='lat' dir='ltr'>obiit</span> 
     </span>
     <span class='ocr_line' id='line_1_18' title="bbox 330 1514 1828 1571; baseline -0.001 -8"><span class='ocrx_word' id='word_1_111' title='bbox 330 1516 633 1564; x_wconf 86' lang='lat' dir='ltr'>Panaetium</span> <span class='ocrx_word' id='word_1_112' title='bbox 656 1534 814 1563; x_wconf 89' lang='lat' dir='ltr'>unum</span> <span class='ocrx_word' id='word_1_113' title='bbox 839 1520 1043 1563; x_wconf 91' lang='lat' dir='ltr'>omnino</span> <span class='ocrx_word' id='word_1_114' title='bbox 1065 1519 1304 1563; x_wconf 89' lang='lat' dir='ltr'>comitem</span> <span class='ocrx_word' id='word_1_115' title='bbox 1326 1514 1499 1571; x_wconf 87' lang='lat' dir='ltr'>fuisse,</span> <span class='ocrx_word' id='word_1_116' title='bbox 1519 1531 1614 1562; x_wconf 87' lang='lat' dir='ltr'>nec</span> <span class='ocrx_word' id='word_1_117' title='bbox 1632 1514 1828 1562; x_wconf 89' lang='lat' dir='ltr'>littera-</span> 
     </span>
     <span class='ocr_line' id='line_1_19' title="bbox 329 1589 1828 1655; baseline -0.001 -16"><span class='ocrx_word' id='word_1_118' title='bbox 329 1609 443 1639; x_wconf 89' lang='lat' dir='ltr'>rum</span> <span class='ocrx_word' id='word_1_119' title='bbox 464 1592 773 1639; x_wconf 84' lang='lat' dir='ltr'>Graecarum</span> <span class='ocrx_word' id='word_1_120' title='bbox 794 1608 888 1639; x_wconf 87' lang='lat' dir='ltr'>nec</span> <span class='ocrx_word' id='word_1_121' title='bbox 906 1590 1254 1655; x_wconf 89' lang='lat' dir='ltr'>philosophiae</span> <span class='ocrx_word' id='word_1_122' title='bbox 1272 1594 1374 1637; x_wconf 91' lang='lat' dir='ltr'>iam</span> <span class='ocrx_word' id='word_1_123' title='bbox 1392 1589 1550 1638; x_wconf 90' lang='lat' dir='ltr'>ullum</span> <span class='ocrx_word' id='word_1_124' title='bbox 1569 1598 1828 1638; x_wconf 87' lang='lat' dir='ltr'>auctorem</span> 
     </span>
    </p>

    <p class='ocr_par' dir='ltr' id='par_1_4' title="bbox 281 1665 1829 2180">
     <span class='ocr_line' id='line_1_20' title="bbox 281 1665 1827 1729; baseline -0.002 -15"><span class='ocrx_word' id='word_1_125' title='bbox 281 1676 307 1716; x_wconf 89' lang='lat'><strong>6</strong></span> <span class='ocrx_word' id='word_1_126' title='bbox 329 1670 546 1729; x_wconf 84' lang='lat' dir='ltr'>requiro.</span> <span class='ocrx_word' id='word_1_127' title='bbox 616 1666 800 1712; x_wconf 87' lang='lat' dir='ltr'>Restat</span> <span class='ocrx_word' id='word_1_128' title='bbox 834 1673 894 1713; x_wconf 90' lang='lat' dir='ltr'>ut</span> <span class='ocrx_word' id='word_1_129' title='bbox 923 1669 982 1712; x_wconf 90' lang='lat' dir='ltr'>iis</span> <span class='ocrx_word' id='word_1_130' title='bbox 1018 1665 1354 1728; x_wconf 86' lang='lat' dir='ltr'>respondeam</span> <span class='ocrx_word' id='word_1_131' title='bbox 1391 1668 1475 1728; x_wconf 89' lang='lat' dir='ltr'>qui</span> <span class='ocrx_word' id='word_1_132' title='bbox 1513 1665 1827 1712; x_wconf 89' lang='lat' dir='ltr'>sermonibus</span> 
     </span>
     <span class='ocr_line' id='line_1_21' title="bbox 331 1739 1827 1804; baseline -0.001 -16"><span class='ocrx_word' id='word_1_133' title='bbox 331 1745 438 1789; x_wconf 88' lang='lat' dir='ltr'>eius</span> <span class='ocrx_word' id='word_1_134' title='bbox 458 1742 596 1788; x_wconf 87' lang='lat' dir='ltr'>modi</span> <span class='ocrx_word' id='word_1_135' title='bbox 616 1741 779 1788; x_wconf 90' lang='lat' dir='ltr'>nolint</span> <span class='ocrx_word' id='word_1_136' title='bbox 798 1758 1038 1804; x_wconf 90' lang='lat' dir='ltr'>personas</span> <span class='ocrx_word' id='word_1_137' title='bbox 1059 1749 1167 1787; x_wconf 89' lang='lat' dir='ltr'>tam</span> <span class='ocrx_word' id='word_1_138' title='bbox 1188 1756 1368 1804; x_wconf 84' lang='lat' dir='ltr'>graves</span> <span class='ocrx_word' id='word_1_139' title='bbox 1387 1740 1600 1804; x_wconf 85' lang='lat' dir='ltr'>inligari.</span> <span class='ocrx_word' id='word_1_140' title='bbox 1670 1739 1827 1799; x_wconf 84' lang='lat' dir='ltr'>Quasi</span> 
     </span>
     <span class='ocr_line' id='line_1_22' title="bbox 330 1816 1827 1880; baseline 0 -17"><span class='ocrx_word' id='word_1_141' title='bbox 330 1833 449 1863; x_wconf 87' lang='lat' dir='ltr'>vero</span> <span class='ocrx_word' id='word_1_142' title='bbox 487 1816 735 1863; x_wconf 87' lang='lat' dir='ltr'>clarorum</span> <span class='ocrx_word' id='word_1_143' title='bbox 773 1820 993 1863; x_wconf 74' lang='lat' dir='ltr'>virorum</span> <span class='ocrx_word' id='word_1_144' title='bbox 1033 1823 1123 1864; x_wconf 92' lang='lat' dir='ltr'>aut</span> <span class='ocrx_word' id='word_1_145' title='bbox 1159 1819 1342 1863; x_wconf 91' lang='lat' dir='ltr'>tacitos</span> <span class='ocrx_word' id='word_1_146' title='bbox 1381 1831 1678 1880; x_wconf 87' lang='lat' dir='ltr'>congressus</span> <span class='ocrx_word' id='word_1_147' title='bbox 1716 1831 1827 1863; x_wconf 90' lang='lat' dir='ltr'>esse</span> 
     </span>
     <span class='ocr_line' id='line_1_23' title="bbox 332 1889 1829 1954; baseline -0.001 -15"><span class='ocrx_word' id='word_1_148' title='bbox 332 1899 569 1954; x_wconf 88' lang='lat' dir='ltr'>oporteat</span> <span class='ocrx_word' id='word_1_149' title='bbox 598 1899 689 1938; x_wconf 89' lang='lat' dir='ltr'>aut</span> <span class='ocrx_word' id='word_1_150' title='bbox 716 1891 932 1939; x_wconf 88' lang='lat' dir='ltr'>ludicros</span> <span class='ocrx_word' id='word_1_151' title='bbox 962 1907 1219 1938; x_wconf 87' lang='lat' dir='ltr'>sermones</span> <span class='ocrx_word' id='word_1_152' title='bbox 1249 1897 1340 1937; x_wconf 92' lang='lat' dir='ltr'>aut</span> <span class='ocrx_word' id='word_1_153' title='bbox 1365 1907 1535 1938; x_wconf 91' lang='lat' dir='ltr'>rerum</span> <span class='ocrx_word' id='word_1_154' title='bbox 1563 1889 1829 1954; x_wconf 89' lang='lat' dir='ltr'>conloquia</span> 
     </span>
     <span class='ocr_line' id='line_1_24' title="bbox 331 1965 1828 2029; baseline 0 -17"><span class='ocrx_word' id='word_1_155' title='bbox 331 1965 576 2013; x_wconf 72' lang='lat' dir='ltr'>leviorum</span> <span class='ocrx_word' id='word_1_156' title='bbox 599 1967 609 2013; x_wconf 83' lang='lat' dir='ltr'>l</span> <span class='ocrx_word' id='word_1_157' title='bbox 678 1967 886 2013; x_wconf 88' lang='lat' dir='ltr'>Etenim</span> <span class='ocrx_word' id='word_1_158' title='bbox 903 1969 944 2013; x_wconf 92' lang='lat' dir='ltr'>si</span> <span class='ocrx_word' id='word_1_159' title='bbox 961 1966 1182 2029; x_wconf 90' lang='lat' dir='ltr'>quodam</span> <span class='ocrx_word' id='word_1_160' title='bbox 1197 1969 1250 2012; x_wconf 90' lang='lat' dir='ltr'>in</span> <span class='ocrx_word' id='word_1_161' title='bbox 1264 1965 1392 2012; x_wconf 90' lang='lat' dir='ltr'>libro</span> <span class='ocrx_word' id='word_1_162' title='bbox 1408 1981 1526 2012; x_wconf 91' lang='lat' dir='ltr'>vere</span> <span class='ocrx_word' id='word_1_163' title='bbox 1543 1971 1623 2013; x_wconf 91' lang='lat' dir='ltr'>est</span> <span class='ocrx_word' id='word_1_164' title='bbox 1638 1981 1670 2012; x_wconf 88' lang='lat' dir='ltr'>a</span> <span class='ocrx_word' id='word_1_165' title='bbox 1683 1966 1828 2012; x_wconf 90' lang='lat' dir='ltr'>nobis</span> 
     </span>
     <span class='ocr_line' id='line_1_25' title="bbox 333 2038 1827 2103; baseline 0.001 -18"><span class='ocrx_word' id='word_1_166' title='bbox 333 2038 649 2103; x_wconf 87' lang='lat' dir='ltr'>philosophia</span> <span class='ocrx_word' id='word_1_167' title='bbox 684 2039 910 2096; x_wconf 86' lang='lat' dir='ltr'>laudata,</span> <span class='ocrx_word' id='word_1_168' title='bbox 947 2039 1176 2103; x_wconf 87' lang='lat' dir='ltr'>profecto</span> <span class='ocrx_word' id='word_1_169' title='bbox 1215 2043 1322 2086; x_wconf 90' lang='lat' dir='ltr'>eius</span> <span class='ocrx_word' id='word_1_170' title='bbox 1357 2042 1598 2087; x_wconf 87' lang='lat' dir='ltr'>tractatio</span> <span class='ocrx_word' id='word_1_171' title='bbox 1633 2043 1827 2102; x_wconf 89' lang='lat' dir='ltr'>optimo</span> 
     </span>
     <span class='ocr_line' id='line_1_26' title="bbox 332 2115 1828 2180; baseline 0 -17"><span class='ocrx_word' id='word_1_172' title='bbox 332 2123 489 2180; x_wconf 87' lang='lat' dir='ltr'>atque</span> <span class='ocrx_word' id='word_1_173' title='bbox 526 2115 832 2178; x_wconf 83' lang='lat' dir='ltr'>amplissimo</span> <span class='ocrx_word' id='word_1_174' title='bbox 869 2132 1072 2179; x_wconf 93' lang='lat' dir='ltr'>quoque</span> <span class='ocrx_word' id='word_1_175' title='bbox 1108 2115 1403 2179; x_wconf 82' lang='lat' dir='ltr'>dignissima</span> <span class='ocrx_word' id='word_1_176' title='bbox 1430 2122 1527 2171; x_wconf 89' lang='lat' dir='ltr'>est,</span> <span class='ocrx_word' id='word_1_177' title='bbox 1553 2130 1649 2162; x_wconf 85' lang='lat' dir='ltr'>nee</span> <span class='ocrx_word' id='word_1_178' title='bbox 1683 2115 1828 2178; x_wconf 83' lang='lat' dir='ltr'>quid·</span> 
     </span>
    </p>

    <p class='ocr_par' dir='ltr' id='par_1_5' title="bbox 418 2215 1744 2269">
     <span class='ocr_line' id='line_1_27' title="bbox 418 2215 1744 2269; baseline 0.002 -13"><span class='ocrx_word' id='word_1_179' title='bbox 418 2216 437 2243; x_wconf 83' lang='lat'>²</span> <span class='ocrx_word' id='word_1_180' title='bbox 464 2216 666 2258; x_wconf 86' lang='lat' dir='ltr'>audierat</span> <span class='ocrx_word' id='word_1_181' title='bbox 683 2217 877 2257; x_wconf 72' lang='lat' dir='ltr'>Ernesti.</span> <span class='ocrx_word' id='word_1_182' title='bbox 1135 2216 1152 2241; x_wconf 81' lang='lat'>²</span> <span class='ocrx_word' id='word_1_183' title='bbox 1180 2215 1337 2268; x_wconf 90' lang='lat' dir='ltr'>reliqui</span> <span class='ocrx_word' id='word_1_184' title='bbox 1357 2217 1435 2269; x_wconf 92' lang='lat' dir='ltr'>qui</span> <span class='ocrx_word' id='word_1_185' title='bbox 1453 2216 1577 2258; x_wconf 79' lang='lat' dir='ltr'>codd.</span> <span class='ocrx_word' id='word_1_186' title='bbox 1597 2216 1744 2258; x_wconf 77' lang='lat' dir='ltr'>multi.</span> 
     </span>
    </p>
   </div>
   <div class='ocr_carea' id='block_1_3' title="bbox 759 2270 1403 2377">
    <p class='ocr_par' dir='ltr' id='par_1_6' title="bbox 793 2270 1388 2377">
     <span class='ocr_line' id='line_1_28' title="bbox 793 2270 1366 2322; baseline -0.003 -10"><span class='ocrx_word' id='word_1_187' title='bbox 793 2272 810 2296; x_wconf 82' lang='lat'>³</span> <span class='ocrx_word' id='word_1_188' title='bbox 840 2272 905 2311; x_wconf 83' lang='lat' dir='ltr'>ecl.</span> <span class='ocrx_word' id='word_1_189' title='bbox 930 2288 940 2312; x_wconf 89' lang='lat'><strong>:</strong></span> <span class='ocrx_word' id='word_1_190' title='bbox 972 2270 1225 2322; x_wconf 87' lang='lat' dir='ltr'>improbent</span> <span class='ocrx_word' id='word_1_191' title='bbox 1243 2270 1366 2311; x_wconf 81' lang='lat' dir='ltr'>codd.</span> 
     </span>
     <span class='ocr_line' id='line_1_29' title="bbox 759 2324 1403 2377; baseline -0.003 -10.838"><span class='ocrx_word' id='word_1_192' title='bbox 759 2325 965 2377; x_wconf 83' lang='lat' dir='ltr'>⁴putent</span> <span class='ocrx_word' id='word_1_193' title='bbox 984 2325 1107 2366; x_wconf 82' lang='lat' dir='ltr'>codd.</span> <span class='ocrx_word' id='word_1_194' title='bbox 1120 2324 1221 2376; x_wconf 81' lang='lat' dir='ltr'>fere</span> <span class='ocrx_word' id='word_1_195' title='bbox 1243 2337 1403 2365; x_wconf 71' lang='lat' dir='ltr'>onmes.</span> 
     </span>
    </p>
   </div>
   <div class='ocr_carea' id='block_1_4' title="bbox 338 2428 1826 2580">
    <p class='ocr_par' dir='ltr' id='par_1_7' title="bbox 338 2428 1826 2580">
     <span class='ocr_line' id='line_1_30' title="bbox 391 2428 1826 2484; baseline 0 -13"><span class='ocrx_word' id='word_1_196' title='bbox 391 2431 503 2471; x_wconf 79' lang='lat' dir='ltr'>“To</span> <span class='ocrx_word' id='word_1_197' title='bbox 522 2429 598 2471; x_wconf 83' lang='lat' dir='ltr'>the</span> <span class='ocrx_word' id='word_1_198' title='bbox 617 2429 752 2484; x_wconf 83' lang='lat' dir='ltr'>kings</span> <span class='ocrx_word' id='word_1_199' title='bbox 773 2430 824 2470; x_wconf 88' lang='lat' dir='ltr'>of</span> <span class='ocrx_word' id='word_1_200' title='bbox 847 2430 1001 2483; x_wconf 79' lang='lat' dir='ltr'>Egypt</span> <span class='ocrx_word' id='word_1_201' title='bbox 1026 2429 1116 2470; x_wconf 89' lang='lat' dir='ltr'>and</span> <span class='ocrx_word' id='word_1_202' title='bbox 1137 2431 1276 2470; x_wconf 75' lang='lat' dir='ltr'>Asia</span> <span class='ocrx_word' id='word_1_203' title='bbox 1266 2444 1311 2470; x_wconf 90' lang='lat' dir='ltr'>1n</span> <span class='ocrx_word' id='word_1_204' title='bbox 1331 2428 1517 2470; x_wconf 87' lang='lat' dir='ltr'>alliance</span> <span class='ocrx_word' id='word_1_205' title='bbox 1536 2428 1642 2470; x_wconf 76' lang='lat' dir='ltr'>with</span> <span class='ocrx_word' id='word_1_206' title='bbox 1670 2429 1826 2479; x_wconf 64' lang='lat' dir='ltr'>Rome,</span> 
     </span>
     <span class='ocr_line' id='line_1_31' title="bbox 338 2444 1655 2535; baseline -0.002 -9"><span class='ocrx_word' id='word_1_207' title='bbox 338 2488 418 2526; x_wconf 80' lang='grc'>144-</span> <span class='ocrx_word' id='word_1_208' title='bbox 439 2499 476 2524; x_wconf 85' lang='lat'>13.</span> <span class='ocrx_word' id='word_1_209' title='bbox 481 2498 518 2525; x_wconf 90' lang='lat' dir='ltr'>c.</span> <span class='ocrx_word' id='word_1_210' title='bbox 579 2484 730 2535; x_wconf 84' lang='lat' dir='ltr'>Scipio</span> <span class='ocrx_word' id='word_1_211' title='bbox 752 2444 990 2526; x_wconf 74' lang='lat' dir='ltr'>Africagnus</span> <span class='ocrx_word' id='word_1_212' title='bbox 1014 2484 1165 2525; x_wconf 79' lang='lat' dir='ltr'>Minor</span> <span class='ocrx_word' id='word_1_213' title='bbox 1185 2496 1276 2524; x_wconf 84' lang='lat' dir='ltr'>was</span> <span class='ocrx_word' id='word_1_214' title='bbox 1295 2497 1451 2525; x_wconf 88' lang='lat' dir='ltr'>censor</span> <span class='ocrx_word' id='word_1_215' title='bbox 1473 2486 1552 2524; x_wconf 73' lang='lat'>142</span> <span class='ocrx_word' id='word_1_216' title='bbox 1574 2497 1613 2525; x_wconf 78' lang='grc' dir='ltr'>Β.</span> <span class='ocrx_word' id='word_1_217' title='bbox 1616 2497 1655 2525; x_wconf 91' lang='lat' dir='ltr'>c.</span> 
     </span>
     <span class='ocr_line' id='line_1_32' title="bbox 396 2538 931 2580; baseline 0 -1"><span class='ocrx_word' id='word_1_218' title='bbox 396 2539 411 2562; x_wconf 51' lang='grc' dir='ltr'>δ</span> <span class='ocrx_word' id='word_1_219' title='bbox 443 2538 611 2580; x_wconf 86' lang='lat' dir='ltr'>Cicero</span> <span class='ocrx_word' id='word_1_220' title='bbox 614 2551 635 2580; x_wconf 93' lang='lat' dir='ltr'>s</span> <span class='ocrx_word' id='word_1_221' title='bbox 657 2539 931 2580; x_wconf 76' lang='lat' dir='ltr'>Hortensius.</span> 
     </span>
    </p>
   </div>
   <div class='ocr_carea' id='block_1_5' title="bbox 337 2606 435 2654">
    <p class='ocr_par' dir='ltr' id='par_1_8' title="bbox 337 2606 435 2654">
     <span class='ocr_line' id='line_1_33' title="bbox 337 2606 435 2654; baseline -0.01 -2"><span class='ocrx_word' id='word_1_222' title='bbox 337 2606 435 2654; x_wconf 81' lang='lat'>470</span> 
     </span>
    </p>
   </div>
  </div>
 </body>
</html>
