1919 3006
204 552 283 591 164

209 1301 284 1339 165

207 2324 284 2364 166

924 185 1176 234 CICERO

371 318 399 337 ‘⁴
425 319 569 378 Quae
600 320 641 365 si
671 315 869 381 singula
898 333 984 364 vos
1014 315 1147 363 forte
1178 332 1280 363 non
1309 321 1534 373 movent,
1564 318 1797 364 universa

306 402 444 442 certe
469 402 644 441 tamen
668 396 802 439 inter
825 407 880 439 se
904 407 1097 438 conexa
1122 397 1278 454 atque
1303 393 1571 438 coniuncta
1593 406 1797 439 movere

306 469 606 517 debebunt.1

372 542 532 589 “Nec
568 557 685 588 vero
723 542 954 587 universo
991 542 1166 603 generi
1202 537 1463 585 hominum
1504 537 1663 586 solum
1706 539 1797 587 sed

309 620 464 665 etiam
490 614 696 679 singulis
724 630 753 660 a
778 614 852 661 dis
878 612 1227 660 inmortalibus
1254 611 1442 659 consuli
1470 619 1524 660 et
1547 613 1799 676 provideri

307 692 450 740 solet.
521 690 666 737 Licet
696 692 829 735 enim
859 686 1157 735 contrahere
1187 690 1571 734 universitatem
1598 691 1799 752 generis

308 768 531 822 humani,
570 780 786 827 eamque
821 763 1075 827 gradatim
1120 763 1184 809 ad
1227 766 1505 825 pauciores,
1541 770 1798 826 postremo

307 842 559 890 deducere
617 839 682 886 ad
735 838 970 902 singulos.
1064 837 1244 884 LXVI.
1305 837 1437 884 Nam
1481 840 1522 885 si
1567 839 1798 886 omnibus

308 916 591 964 hominibus
635 917 721 977 qui
765 914 952 976 ubique
995 920 1113 959 sunt
1157 929 1476 976 quacumque
1517 915 1571 960 in
1612 930 1699 960 ora
1742 929 1800 961 ac

308 998 453 1054 parte
496 997 747 1036 terrarum
781 988 844 1034 ab
878 986 1084 1033 huiusce
1119 994 1287 1033 terrae
1321 1003 1475 1050 quam
1508 1003 1597 1034 nos
1631 987 1801 1034 incoli-

307 1082 416 1112 mus
451 1064 830 1111 continuatione
871 1061 1170 1108 distantium
1215 1061 1336 1108 deos
1381 1060 1640 1108 consulere
1686 1078 1803 1108 cen-

308 1157 474 1187 semus
499 1139 562 1185 ob
588 1154 671 1184 eas
697 1153 871 1184 causas
909 1153 1032 1200 quas
1071 1143 1191 1183 ante
1225 1136 1459 1193 diximus,
1483 1135 1559 1184 his
1597 1153 1800 1200 quoque

307 1214 590 1262 hominibus
644 1212 911 1259 consulunt
963 1214 1048 1274 qui
1095 1210 1185 1258 has
1228 1211 1488 1258 nobiscum
1530 1218 1691 1259 terras
1736 1212 1800 1259 ab

310 1292 503 1335 oriente
570 1286 635 1334 ad
698 1286 1015 1333 occidentem
1079 1284 1265 1332 colunt.
1335 1283 1422 1331 Sin
1485 1292 1660 1333 autem
1722 1284 1799 1333 his

309 1361 596 1410 consulunt2
650 1363 735 1423 qui
789 1362 931 1423 quasi
983 1375 1223 1422 magnam
1277 1359 1534 1422 quandam
1585 1359 1799 1406 insulam

309 1434 533 1482 incolunt
578 1449 732 1496 quam
776 1449 865 1479 nos
912 1432 1087 1478 orbem
1131 1438 1299 1478 terrae
1344 1448 1596 1489 vocamus,
1643 1436 1799 1479 etiam

309 1508 401 1554 illis
419 1505 685 1553 consulunt
704 1508 788 1568 qui
805 1512 975 1568 partes
995 1507 1100 1551 eius
1116 1504 1309 1551 insulae
1326 1511 1526 1561 tenent,
1543 1505 1799 1568 Europam

309 1585 484 1629 Asiam
530 1579 769 1627 Africam.
839 1579 974 1643 Ergo
1024 1587 1077 1626 et
1125 1595 1298 1626 earum
1345 1586 1517 1641 partes
1564 1579 1799 1644 diligunt,

309 1664 366 1704 ut
412 1656 625 1702 Romam
671 1653 900 1700 Athenas
948 1653 1182 1716 Spartam
1229 1652 1480 1709 Rhodum,
1526 1660 1581 1701 et
1626 1670 1800 1700 earum

310 1730 507 1776 urbium
559 1731 833 1790 separatim
884 1727 948 1773 ab
999 1730 1240 1774 universis
1291 1726 1512 1791 singulos
1563 1727 1800 1791 diligunt,

310 1809 366 1848 ut
415 1799 592 1864 Pyrrhi
641 1800 772 1846 bello
822 1799 1028 1846 Curium
1078 1800 1363 1845 Fabricium
1411 1798 1799 1856 Coruncanium,

309 1879 468 1939 primo
502 1875 689 1922 Punico
724 1874 1011 1921 Calatinum
1045 1873 1304 1920 Duellium
1339 1873 1610 1921 Metellum
1644 1873 1800 1921 Luta-

308 1955 453 2006 tium,
505 1949 724 1996 secundo
779 1948 1082 1994 Maxumum
1136 1946 1436 1994 Marcellum
1486 1946 1799 2004 Africanum,

309 2031 421 2086 post
447 2022 536 2070 hos
564 2022 776 2068 Paulum
804 2021 1086 2068 Gracchum
1113 2021 1378 2077 Catonem,
1403 2028 1670 2084 patrumve
1695 2038 1799 2068 me-

309 2099 466 2142 moria
497 2094 781 2157 Scipionem
814 2094 1043 2140 Laelium
1067 2109 1078 2149 ;
1127 2093 1415 2156 multosque
1445 2100 1715 2156 praeterea
1745 2101 1799 2141 et

309 2176 480 2215 nostra
510 2171 683 2215 civitas
717 2174 769 2214 et
802 2167 1014 2214 Graecia
1044 2166 1163 2213 tulit
1193 2165 1469 2229 singulares
1500 2169 1646 2222 viros,
1677 2183 1799 2230 quo-

309 2260 418 2289 rum
449 2246 705 2289 neminem
734 2245 827 2289 nisi
858 2245 1064 2288 iuvante
1094 2241 1190 2288 deo
1221 2240 1378 2287 talem
1407 2239 1560 2287 fuisse
1591 2241 1798 2288 creden-

310 2317 430 2363 dum
458 2323 550 2363 est.
620 2315 764 2374 Quae
791 2319 919 2361 ratio
946 2321 1122 2377 poetas
1150 2330 1490 2377 maxumeque
1517 2313 1797 2360 Homerum

308 2389 490 2453 inpulit
524 2397 582 2436 ut
615 2390 920 2452 principibus
956 2388 1183 2443 heroum,
1219 2387 1356 2434 Ulixi
1391 2387 1628 2435 Diomedi
1662 2389 1796 2453 Aga-

809 2489 824 2514 ¹
857 2488 1079 2529 debebant
1099 2487 1319 2529 nonnulli.

576 2544 593 2568 ²
624 2543 690 2584 his
710 2542 946 2584 consulunt
966 2543 1074 2583 Ald.
1094 2559 1105 2584 ε
1138 2541 1374 2583 consulunt
1395 2543 1445 2582 iis
1467 2543 1570 2584 dett.

317 2612 414 2656 280
