1853 3001
888 189 1138 238 CICERO

163 325 240 366 115
266 318 407 366 Haec
431 322 592 366 omnis
617 319 873 382 discriptio
899 320 1118 367 siderum
1146 326 1302 382 atque
1326 316 1408 365 hic
1434 322 1610 365 tantus
1633 311 1759 362 caeli

267 396 473 436 ornatus
511 407 573 437 ex
611 391 899 452 corporibus
935 390 1033 437 huc
1071 397 1125 437 et
1160 389 1276 436 illuc
1312 405 1431 436 casu
1469 394 1522 434 et
1561 393 1758 434 temere

266 461 582 507 cursantibus
598 464 824 523 potuisse
841 462 966 508 effici
982 463 1217 524 cuiquam
1234 477 1355 508 sano
1371 459 1528 506 videri
1543 461 1716 521 potest
1736 454 1756 501 ?

268 537 351 578 an1
378 548 495 579 vero
522 531 619 578 alia
648 549 780 596 quae
813 540 996 580 natura
1028 536 1213 579 mentis
1249 539 1302 579 et
1334 533 1541 579 rationis
1576 542 1757 590 expers

266 600 391 649 haec
411 603 607 649 efficere
626 604 825 666 potuit?
846 621 977 668 quae
997 621 1098 651 non
1116 605 1266 651 modo
1286 610 1344 651 ut
1363 603 1545 649 fierent
1559 603 1756 646 ratione

266 680 518 736 eguerunt
539 675 629 721 sed
657 674 887 739 intellegi
907 674 1075 739 qualia
1095 678 1196 722 sint
1215 677 1323 721 sine
1343 689 1541 721 summa
1559 673 1756 718 ratione

265 760 364 790 non
389 753 615 806 possunt.

328 814 482 862 XLV.
521 815 548 832 “
574 815 680 863 Nec
730 834 848 865 vero
897 816 1024 865 haec
1073 817 1235 864 solum
1284 814 1615 870 admirabilia,
1665 812 1756 860 sed

265 884 387 931 nihil
411 889 572 933 maius
599 904 751 950 quam
777 888 913 951 quod
936 891 1009 935 ita
1034 888 1226 935 stabilis
1253 894 1331 934 est
1354 886 1572 933 mundus
1598 892 1754 948 atque

263 959 335 1003 ita
376 956 631 1015 cohaeret,
672 959 737 1006 ad
775 958 1180 1021 permanendum
1219 965 1277 1005 ut
1305 957 1428 1003 nihil
1457 973 1523 1003 ne
1554 957 1755 1018 excogi-

265 1030 362 1074 tari
386 1028 593 1091 quidem
618 1032 776 1092 possit
802 1033 983 1092 aptius.
1054 1030 1245 1077 Omnes
1279 1034 1413 1077 enim
1445 1035 1616 1092 partes
1646 1031 1752 1075 eius

262 1099 485 1162 undique
513 1101 738 1147 medium
765 1099 930 1147 locum
957 1107 1280 1164 capessentes
1308 1103 1541 1147 nituntur
1568 1115 1752 1162 aequa-

262 1168 391 1216 liter.
463 1169 692 1217 Maxime
729 1178 902 1218 autem
937 1188 1144 1235 corpora
1177 1174 1312 1218 inter
1346 1187 1400 1218 se
1434 1173 1607 1217 iuncta
1640 1185 1753 1232 per-

260 1246 473 1286 manent
499 1257 612 1287 cum
638 1245 780 1304 quasi
806 1242 1026 1304 quodam
1051 1241 1249 1288 vinculo
1273 1241 1586 1288 circumdato
1617 1240 1752 1287 colli-

261 1317 478 1373 gantur;
533 1312 668 1375 quod
713 1311 838 1359 facit
887 1329 949 1359 ea
998 1319 1184 1359 natura
1229 1329 1362 1376 quae
1409 1329 1501 1376 per
1547 1328 1749 1358 omnem

260 1382 506 1429 mundum
533 1386 701 1429 omnia
719 1391 896 1431 mente
924 1391 978 1430 et
1003 1388 1202 1430 ratione
1226 1384 1495 1431 conficiens
1519 1381 1750 1430 funditur

158 1460 237 1499 116
263 1461 315 1500 et
341 1455 405 1501 ad
429 1456 654 1503 medium
678 1459 813 1519 rapit
839 1463 892 1503 et
916 1460 1166 1503 convertit
1191 1463 1436 1503 extrema.
1505 1455 1751 1514 Quocirca

261 1529 297 1571 si
337 1528 555 1573 mundus
591 1527 827 1591 globosus
865 1535 943 1574 est
980 1529 1044 1574 ob
1082 1544 1297 1591 eamque
1334 1545 1538 1575 causam
1574 1545 1748 1575 omnes

260 1600 365 1642 eius
401 1605 572 1659 partes
610 1599 833 1662 undique
872 1599 1161 1662 aequabiles
1197 1604 1336 1662 ipsae
1372 1616 1465 1662 per
1499 1616 1553 1647 se
1590 1607 1746 1663 atque

258 1670 391 1713 inter
416 1683 469 1714 se
496 1671 837 1725 continentur,
863 1673 1158 1733 contingere
1183 1671 1319 1717 idem
1345 1677 1513 1717 terrae
1539 1687 1745 1719 necesse

259 1745 353 1793 est,
375 1746 430 1785 ut
451 1740 682 1786 omnibus
703 1743 809 1787 eius
833 1742 1063 1803 partibus
1089 1743 1142 1787 in
1167 1742 1393 1788 medium
1419 1744 1745 1806 vergentibus

257 1810 328 1872 (id
372 1827 435 1856 au
465 1826 546 1856 em
588 1812 814 1859 medium
857 1812 1085 1858 infimum
1129 1815 1181 1859 in
1223 1812 1438 1876 sphaera
1481 1814 1579 1877 est)
1623 1814 1745 1861 nihil

256 1883 594 1944 interrumpat
633 1899 733 1945 quo
771 1881 1067 1930 labefactari
1103 1886 1262 1946 possit
1299 1891 1447 1931 tanta
1484 1889 1743 1933 contentio

254 1956 517 2016 gravitatis
558 1960 611 1999 et
648 1954 945 2016 ponderum.
1015 1954 1313 2019 Eademque
1351 1959 1547 2004 ratione
1585 1974 1742 2015 mare,

254 2041 367 2070 cum
401 2039 551 2086 supra
582 2031 771 2070 terram
803 2028 885 2080 sit,
917 2025 1139 2072 medium
1173 2033 1347 2074 tamen
1378 2033 1546 2074 terrae
1577 2027 1740 2076 locum

255 2102 502 2157 expetens
548 2094 880 2157 conglobatur
926 2097 1149 2160 undique
1196 2098 1530 2162 aequabiliter
1573 2117 1741 2165 neque

152 2171 230 2210 117
255 2165 507 2211 redundat
549 2181 789 2228 umquam
830 2183 997 2230 neque
1039 2166 1325 2215 effunditur.
1395 2169 1527 2217 Huic
1567 2179 1740 2219 autem

251 2239 514 2282 continens
551 2243 640 2282 aer
677 2235 838 2283 fertur
873 2237 955 2284 ille
989 2239 1195 2301 quidem
1230 2238 1439 2287 levitate
1477 2242 1741 2300 sublimis,⁸

252 2306 343 2353 sed
375 2313 550 2353 tamen
583 2310 635 2352 in
668 2323 843 2353 ornnes
877 2315 1047 2370 partes
1082 2325 1135 2355 se
1168 2311 1276 2371 ipse
1309 2308 1513 2368 fundit3
1563 2316 1738 2378 itaque

797 2455 811 2479 ¹
842 2469 898 2495 an
924 2455 974 2503 G,
997 2461 1073 2496 aut
1093 2462 1186 2497 cett.

478 2508 494 2533 ¹
524 2508 724 2548 sublimis
744 2508 797 2557 B,
819 2509 995 2549 sublimi
1017 2515 1126 2558 cett„
1149 2510 1337 2553 sublime
1360 2511 1515 2557 Orelli.

254 2586 351 2629 232
