1919 3006
970 194 1223 243 CICERO

347 316 536 365 homini
566 325 623 365 ut
652 318 743 365 soli
772 318 1020 381 cupiditas
1050 322 1436 382 ingeneraretur
1463 318 1763 382 cognitionis
1793 322 1845 365 et

347 387 605 433 scientiae!

416 459 487 500 15.
527 454 651 499 Non.
682 471 732 517 p.
768 457 876 508 419.
951 452 1216 509 Vindicare,
1248 452 1446 509 trahere,
1483 451 1690 500 liberare.
1728 487 1741 499 .
1777 486 1791 498 .
1825 484 1842 500 .

352 519 509 568 Cicero
529 519 675 567 Acad.
699 519 774 567 lib.
796 519 895 567 III.
919 540 934 568 .·
980 521 1166 584 Aliqua
1188 526 1417 583 potestas
1442 523 1526 576 sit,
1545 519 1767 567 vindicet
1785 534 1841 566 se

345 590 397 634 in
419 587 727 635 libertatem.

413 660 485 702 16.
523 654 736 702 Lactant.
763 655 881 702 Inst.
913 654 973 702 vi.
1001 661 1077 702 24.
1142 654 1300 703 Cicero
1337 690 1348 702 .
1387 690 1398 701 .
1437 690 1447 702 .
1483 653 1614 701 cuius
1647 653 1760 700 haec
1793 652 1841 699 in

345 722 618 769 Academico
656 721 785 769 tertio
820 722 958 769 verba
994 729 1100 769 sunt
1123 743 1138 769 :
1195 722 1346 781 Quod
1382 725 1420 768 si
1457 721 1652 777 liceret,
1688 727 1747 767 ut
1781 723 1840 766 iis

344 793 431 852 qui
452 793 503 836 in
527 793 710 837 itinere
743 790 1131 845 deerravissent,
1155 793 1224 836 sic
1252 793 1410 836 vitam
1433 789 1633 836 deviam
1655 791 1841 835 secutis

343 860 593 920 corrigere
611 873 832 904 errorem
847 857 1176 920 paenitendo,
1192 856 1383 904 facilior
1401 862 1536 904 esset
1550 855 1841 903 emendatio

342 928 664 971 temeritatis.

409 998 481 1039 17.
517 991 771 1039 Diomedes
789 1009 840 1056 p.
868 997 960 1040 377
996 991 1067 1039 ed.
1105 991 1230 1039 Keil.
1291 990 1442 1039 Varro
1478 989 1540 1037 ad
1579 988 1840 1037 Ciceronem

341 1058 470 1106 tertio
508 1059 665 1106 fixum
701 1065 743 1106 et
783 1059 940 1108 Cicero
977 1058 1355 1107 Academicorum
1391 1056 1520 1105 tertio
1555 1055 1753 1104 malcho
1787 1057 1841 1103 in

340 1142 495 1188 opera
518 1127 701 1174 adfixa.

774 1350 1051 1398 LIBRORUM
1087 1366 1416 1399 meniu-orum

405 1464 478 1507 18.
514 1458 728 1506 Lactant.
779 1459 895 1506 Inst.
946 1458 1013 1508 iii.
1068 1466 1141 1507 14.
1233 1459 1367 1507 Haec
1414 1466 1495 1507 tua
1548 1459 1686 1507 verba
1730 1466 1837 1508 sunt

339 1525 542 1591 (Cicero)
568 1547 584 1574 .·
626 1527 755 1574 Mihi
782 1534 957 1574 autem
980 1544 1083 1574 non
1105 1527 1257 1575 modo
1283 1528 1347 1575 ad
1372 1530 1675 1590 sapientiam
1699 1530 1835 1575 caeci

336 1595 564 1642 videmur
597 1595 687 1642 sed
720 1595 786 1642 ad
819 1611 880 1642 ea
911 1598 1021 1658 ipsa
1053 1611 1186 1658 quae
1220 1595 1389 1659 aliqua
1421 1611 1485 1642 ex
1517 1602 1665 1658 parte
1697 1597 1835 1642 cerni

337 1662 604 1709 videantur
622 1661 836 1710 hebetes
858 1668 912 1709 et
930 1663 1112 1709 obtusi.

405 1733 477 1783 19.
515 1729 763 1793 Augustin.
813 1746 851 1776 c.
902 1729 1206 1776 Academicos
1259 1729 1307 1776 ii.
1364 1734 1425 1777 26
1477 1729 1635 1785 Talia,
1688 1729 1836 1794 inquit

335 1795 656 1853 Academicus,
682 1796 805 1843 mihi
832 1797 1069 1844 Videntur
1096 1800 1264 1844 omnia
1291 1813 1423 1860 quae
1449 1796 1730 1860 probabilia
1756 1797 1835 1844 vel

334 1867 439 1910 veri
458 1864 637 1910 similia
655 1868 831 1927 putavi
850 1865 1157 1912 nominanda
1180 1880 1192 1921 ;
1230 1880 1361 1928 quae
1380 1871 1439 1911 tu
1457 1867 1498 1911 si
1517 1864 1612 1911 alio
1632 1868 1836 1912 nomine

334 1933 406 1977 vis
434 1947 631 1988 vocare,
658 1931 781 1978 nihil
806 1948 1054 1995 repugno,
1082 1935 1204 1979 satis
1234 1935 1368 1979 enim
1394 1931 1517 1978 mihi
1546 1938 1625 1979 est
1650 1938 1706 1979 te
1733 1935 1835 1979 iam

333 1998 467 2045 bene
493 2002 746 2062 accepisse
772 2000 894 2062 quid
919 2001 1101 2056 dicam,
1125 2000 1178 2047 id
1204 2006 1300 2056 est,
1325 2000 1507 2062 quibus
1531 1999 1683 2046 rebus
1707 1998 1835 2047 haec

334 2069 539 2113 nomina
570 2070 827 2130 imponam
852 2084 862 2113 ε
913 2084 1014 2113 non
1047 2070 1182 2114 enim
1213 2066 1570 2114 vocabulorum
1601 2066 1834 2130 opificem

333 2133 423 2180 sed
447 2150 617 2180 rerum
640 2137 991 2198 inquisitorem
1015 2135 1167 2182 decet
1192 2150 1302 2181 esse
1327 2137 1626 2196 sapientem.

397 2207 473 2247 20.
510 2201 708 2266 August.
730 2218 769 2249 c.
794 2201 941 2248 Acad.
963 2201 1032 2249 iii.
1058 2207 1114 2248 15
1135 2218 1206 2266 sq.
1259 2201 1347 2248 Est
1370 2201 1418 2248 in
1443 2200 1572 2248 libris
1599 2200 1833 2249 Ciceronis

333 2284 448 2331 quos
477 2266 526 2314 in
556 2268 693 2316 huius
722 2285 892 2316 causae
915 2268 1225 2333 patrocinium
1254 2268 1439 2332 scripsit
1469 2267 1594 2316 locus
1623 2267 1830 2333 quidam,

330 2341 380 2381 ut
412 2334 524 2382 mihi
555 2335 750 2393 videtur,
783 2336 904 2383 mira
935 2335 1194 2384 urbanitate
1226 2335 1452 2392 conditus,
1483 2341 1534 2383 ut
1563 2351 1655 2383 non
1686 2335 1830 2383 nullis

360 2487 619 2581 1ᾖῖᾒΖΙΙαΖΖεο,
642 2489 791 2530 Reid’s
811 2490 1059 2543 conjecture
1079 2490 1148 2530 for
1170 2490 1244 2530 the
1267 2489 1494 2530 unknown
1518 2489 1636 2530 word
1657 2489 1824 2532 malcho

330 2554 358 2582 o
429 2556 469 2582 ie
489 2556 584 2585 uss.

333 2606 429 2653 460
