1919 3006
935 168 1187 216 CICERO

312 305 459 344 tuum
497 300 871 360 perspicuitatis
909 300 1259 359 patrocinium.
1333 296 1518 344 [isdem
1558 300 1690 344 enim
1727 295 1808 344 hic

312 376 511 436 sapiens
531 373 593 419 de
614 389 713 435 quo
730 372 907 436 loquor
925 372 1077 419 oculis
1096 374 1278 436 quibus
1295 375 1392 419 iste
1409 379 1580 419 vester
1595 372 1808 427 caelum,

310 455 517 503 terram,
535 463 676 494 mare
695 448 995 503 intuebitur,
1015 447 1195 494 iisdem
1215 448 1443 494 sensibus
1461 447 1657 510 reliqua
1677 463 1807 510 quae

311 524 404 570 sub
446 538 702 586 quemque
745 539 948 569 sensum
990 522 1180 569 cadunt
1221 526 1426 569 sentiet.
1497 522 1645 569 Mare
1685 521 1810 569 illud

311 598 447 661 quod
466 614 600 644 nunc
623 596 823 644 favonio
843 604 1085 644 nascente
1105 613 1416 660 purpureum
1435 597 1652 653 videtur,
1672 596 1810 643 idem

309 671 426 719 huic
462 679 633 719 nostro
670 672 941 728 videbitur,
978 688 1072 719 nec
1108 679 1284 719 tamen
1321 672 1654 728 adsentietur,
1691 674 1810 735 quia

310 749 565 794 nobismet
614 750 734 810 ipsis
784 747 935 794 modo
986 746 1275 794 caeruleum
1324 747 1610 802 videbatur,
1657 762 1808 794 mane

308 827 521 877 ravum,1
543 821 780 884 quodque
801 838 934 867 nunc
959 838 1060 884 qua
1085 838 1116 867 a
1133 821 1237 868 sole
1263 821 1496 868 conlucet
1521 820 1732 868 albescit
1756 828 1811 868 et

309 898 476 943 vibrat
521 895 865 959 dissimileque
913 903 991 943 est
1034 900 1263 959 proximo
1310 903 1364 943 et
1408 899 1709 953 continenti,
1752 903 1811 943 ut

311 975 510 1019 etiamsi
530 975 688 1034 possis
709 975 960 1018 rationem
978 971 1194 1018 reddere
1215 988 1302 1018 cur
1321 971 1375 1018 id
1395 974 1615 1028 eveniat,
1635 978 1810 1018 tamen

309 1064 411 1094 non
439 1050 597 1110 possis
630 1047 683 1093 id
715 1063 891 1093 verum
925 1063 1035 1093 esse
1069 1046 1205 1110 quod
1237 1047 1506 1094 videbatur
1537 1046 1692 1094 oculis
1724 1047 1811 1094 de·-

207 1129 286 1170 106
312 1120 537 1168 fendere.
622 1121 774 1168 Unde
811 1124 1072 1178 memoria,
1115 1124 1155 1168 si
1197 1120 1318 1167 nihil
1356 1114 1698 1185 percipimus?
1741 1125 1810 1169 sic

312 1200 448 1244 enim
484 1197 781 1260 quaerebas.
852 1196 1028 1254 Quid?
1082 1199 1372 1243 meminisse
1407 1199 1514 1244 visa
1547 1200 1641 1244 nisi
1677 1214 1810 1245 com-

308 1287 493 1335 prensa
515 1288 615 1318 non
638 1287 903 1334 possumus
926 1271 945 1317 Ρ
1014 1269 1150 1329 Quid
1172 1271 1191 1317 ?
1233 1270 1536 1335 Polyaenus,
1559 1274 1647 1335 qui
1667 1288 1810 1336 mag-

308 1363 401 1394 nus
427 1345 821 1393 mathematicus
850 1344 1003 1393 fuisse
1032 1346 1232 1402 dicitur,
1259 1349 1300 1393 is
1327 1353 1663 1410 posteaquam
1688 1347 1810 1410 Epi-

307 1438 426 1469 curo
451 1422 742 1468 adsentiens
766 1428 932 1468 totam
955 1424 1291 1485 geometriam
1314 1420 1493 1468 falsam
1517 1437 1627 1469 esse
1650 1422 1808 1470 credi-

307 1496 402 1552 dit,
427 1512 550 1543 num
575 1495 660 1542 illa
686 1499 843 1542 etiam
870 1511 1002 1558 quae
1028 1496 1222 1542 sciebat
1247 1494 1433 1542 oblitus
1460 1503 1540 1543 est
1561 1496 1580 1543 ?
1646 1497 1806 1560 Atqui

307 1570 491 1617 falsum
524 1570 661 1633 quod
694 1577 773 1617 est
804 1570 857 1617 id
888 1573 1079 1633 percipi
1111 1587 1213 1617 non
1243 1577 1434 1633 potest,
1467 1577 1526 1618 ut
1556 1571 1807 1619 vobismet

307 1648 426 1708 ipsis
464 1644 669 1708 placet3
726 1647 767 1692 si
805 1647 961 1708 igitur
997 1647 1243 1691 memoria
1279 1652 1637 1708 perceptarum
1674 1662 1807 1693 com-

306 1735 706 1784 prensarumque
769 1736 940 1766 rerum
1005 1727 1101 1776 est,
1165 1723 1334 1766 omnia
1395 1736 1527 1784 quae
1591 1723 1804 1784 quisque

306 1797 542 1842 meminit
584 1793 763 1840 habet2
811 1810 1108 1856 comprensa
1152 1800 1308 1857 atque
1351 1801 1630 1858 percepta3
1691 1793 1803 1842 falsi

308 1877 482 1916 autem
527 1868 820 1932 comprendi
863 1868 986 1914 nihil
1029 1876 1218 1932 potest,
1263 1875 1318 1916 et
1361 1872 1530 1916 omnia
1570 1873 1804 1917 meminit

307 1943 451 1991 Siron
485 1943 690 2006 Epicuri
726 1943 999 2007 dogmata3
1053 1959 1173 1990 vera
1207 1946 1364 2006 igitur
1398 1942 1482 1989 illa
1517 1950 1636 1990 sunt
1670 1960 1803 1991 nunc

305 2021 487 2066 omnia.
557 2017 668 2065 Hoc
687 2034 779 2081 per
797 2034 879 2064 me
899 2017 1020 2065 licet
1042 2033 1053 2074 ;
1091 2018 1182 2065 sed
1201 2019 1293 2064 tibi
1314 2025 1403 2064 aut
1423 2018 1801 2066 concedendum

306 2101 385 2141 est
418 2096 493 2140 ita
527 2109 655 2148 esse,
691 2093 826 2156 quod
859 2096 1067 2140 minime
1102 2096 1192 2149 vis,
1228 2100 1317 2140 aut
1350 2096 1646 2140 memoriam
1679 2092 1800 2140 mihi

305 2172 537 2215 remittas
574 2176 777 2230 oportet
813 2176 867 2215 et
901 2167 1118 2214 fateare³
1156 2184 1265 2214 esse
1303 2171 1348 2214 ei
1383 2167 1566 2225 locum,
1602 2171 1798 2215 etiamsi

762 2288 777 2310 ²
807 2300 963 2327 ravum
983 2286 1205 2327 videbitur
1224 2288 1244 2327 ?
1265 2285 1330 2326 ed.

667 2340 683 2364 ²
714 2340 849 2381 habet
869 2343 889 2381 ,9
907 2340 1024 2380 Reid
1042 2357 1052 2381 =
1085 2339 1221 2380 habet
1238 2353 1290 2380 ea
1309 2340 1433 2381 codd.

649 2395 666 2419 ³
696 2394 859 2435 Dat-ies
876 2411 886 2435 ι
919 2394 1048 2435 facile
1067 2394 1135 2434 vel
1155 2394 1300 2435 facere
1318 2393 1443 2435 codd.

913 2526 932 2546 ⁸
962 2520 1082 2568 See§
1105 2523 1176 2563 22.

306 2589 404 2634 602
