1853 3001
887 199 1138 248 CICERO

269 328 391 378 lucis
426 332 736 377 mutationes
773 328 948 386 habet,
986 337 1141 394 atque
1182 334 1338 378 etiam
1376 337 1488 378 tum
1532 331 1762 379 subiecta

269 405 425 462 atque
443 401 675 460 opposita
694 396 784 444 soli
802 398 967 444 radios
988 401 1093 445 eius
1115 405 1168 445 et
1185 397 1359 445 lumen
1377 399 1629 455 obscurat,
1647 405 1760 446 tum

266 468 376 528 ipsa
407 466 631 512 incidens
660 468 713 511 in
737 465 970 512 umbram
1006 472 1192 522 terrae,
1217 482 1332 513 cum
1370 472 1449 513 est
1487 482 1515 513 e
1551 469 1759 530 regione

269 531 401 589 solis,
420 535 727 595 interpositu
741 534 1120 595 interiectuque
1141 539 1311 579 terrae
1332 539 1549 596 repente
1568 532 1759 581 deficit.

266 598 540 664 Isdemque
564 602 739 663 spatiis
770 615 861 647 eae
886 599 1064 647 stellae
1091 617 1214 664 quas
1240 617 1393 664 vagas
1427 601 1636 648 dicimus
1668 604 1760 648 cir-

265 684 381 715 cum
396 674 587 715 terram
601 665 836 714 feruntur
852 667 1135 730 eodemque
1151 668 1301 715 modo
1318 671 1548 715 oriuntur
1564 675 1618 715 et
1633 671 1759 715 occi-

266 734 412 791 dunt,
431 751 645 798 quarum
662 741 830 782 motus
848 741 961 782 tum
977 738 1270 791 incitantur,
1289 742 1401 782 tum
1417 736 1760 791 retardantur,

162 809 243 850 104
267 819 419 865 saepe
454 805 610 849 etiam
641 805 897 849 insistunt.
967 801 1080 861 Quo
1113 801 1401 865 spectaculo
1433 801 1557 849 nihil
1588 809 1760 865 potest

267 869 607 917 admirabilius
627 885 753 925 esse,
771 868 894 915 nihil
908 868 1178 932 pulchrius.
1247 868 1486 933 Sequitur
1501 869 1759 917 stellarum

264 940 597 984 inerrantium
621 939 845 983 maxima
867 936 1160 993 multitudo,
1185 953 1399 1000 quarum
1422 940 1497 984 ita
1521 937 1762 999 discripta

265 1005 523 1052 distinctio
556 1011 635 1052 est
666 1011 725 1051 ut
757 1020 820 1051 ex
852 1011 1087 1052 notarum
1119 1004 1394 1068 figurarum
1432 1003 1761 1052 similitudine

265 1075 470 1119 nomina
519 1069 880 1119 invenerint.’'¹
969 1071 1106 1118 XLI.
1148 1073 1322 1135 Atque
1373 1070 1468 1119 hoc
1518 1071 1626 1118 loco
1676 1086 1761 1118 me

264 1142 495 1187 intuens:
525 1138 553 1155 “
575 1138 758 1195 Utar‚''
773 1141 956 1202 inquit,
973 1146 1005 1167 “
1023 1140 1326 1186 carminibus
1342 1139 1563 1195 Arateis,
1580 1155 1711 1202 quae
1731 1154 1762 1185 a

265 1214 320 1254 te
342 1207 616 1254 admodum
639 1205 1018 1254 adulescentulo
1041 1223 1279 1254 conversa
1299 1210 1374 1253 ita
1394 1222 1477 1253 me
1499 1206 1760 1254 delectant

265 1277 384 1338 quia
417 1273 602 1321 Latina
634 1281 752 1321 sunt
785 1281 844 1321 ut
875 1273 1038 1320 multa
1071 1290 1134 1321 ex
1166 1277 1225 1321 iis
1258 1277 1503 1321 memoria
1533 1280 1757 1320 teneam.

264 1341 417 1406 Ergo,
443 1349 502 1389 ut
527 1341 680 1388 oculis
707 1341 916 1389 adsidue
943 1342 1187 1398 videmus,
1215 1344 1322 1388 sine
1348 1340 1451 1388 ulla
1473 1344 1760 1388 mutatione

268 1416 359 1457 aut
383 1413 633 1456 varietate

382 1500 527 1537 cetera
546 1495 759 1536 labuntur
779 1494 907 1537 celeri
927 1494 1132 1536 caelestia
1153 1499 1277 1536 motu

382 1563 485 1591 cum
506 1549 717 1602 caeloque
737 1549 870 1590 simul
890 1554 1129 1603 noctesque
1150 1549 1333 1603 diesque
1352 1550 1569 1598 feruntur,

159 1635 239 1677 105
263 1642 476 1690 quorum
498 1624 928 1688 contemplatione
950 1624 1133 1671 nullius
1157 1624 1349 1688 expleri
1369 1631 1542 1688 potest
1563 1626 1760 1671 animus

264 1700 477 1741 naturae
502 1695 840 1740 constantiam
864 1693 1035 1739 videre
1060 1695 1309 1755 cupientis
1328 1707 1341 1748 3

382 1784 690 1832 extremusque
712 1778 823 1820 adeo
845 1778 1012 1832 duplici
1032 1778 1087 1821 de
1108 1778 1287 1820 cardine
1307 1783 1454 1821 vertex

382 1833 655 1877 dicimraesse
675 1833 817 1886 polus.

266 1910 416 1957 Hunc
449 1913 634 1956 circum
667 1910 856 1956 Arctoe
890 1909 1022 1957 duae
1055 1907 1289 1956 feruntur
1321 1924 1601 1972 numquam
1633 1910 1759 1955 occi·

266 1978 446 2026 dentes
470 1992 482 2033 ;

380 2078 434 2106 ex
454 2064 521 2105 his
543 2063 680 2105 altera
701 2062 822 2116 apud
845 2062 1003 2105 Graios
1026 2035 1258 2116 Cynosura
1278 2067 1475 2111 vocatur,

380 2118 519 2160 altera
539 2117 699 2159 dicitur
719 2131 812 2159 esse
833 2116 999 2165 Helice,

320 2203 336 2229 ¹
367 2204 448 2298 ᾖξας
476 2217 511 2244 c.
531 2202 649 2244 xliii.
671 2202 772 2244 init.
799 2206 934 2255 atque
963 2203 1025 2243 ita
1052 2233 1063 2243 .
1097 2231 1109 2244 .
1140 2230 1152 2244 .
1182 2205 1396 2254 appareat
1428 2199 1588 2254 Mayor
1611 2204 1751 2242 tram·

265 2271 375 2311 ponz
397 2289 408 2299 .

327 2347 346 2366 ‘²
378 2343 542 2383 Aratus
571 2342 622 2382 of
646 2340 739 2382 Soli
770 2342 815 2381 in
849 2340 1017 2387 Cilicia,
1037 2340 1090 2392 fl.
1120 2338 1208 2380 late
1237 2337 1317 2380 3rd
1345 2342 1460 2380 cent.
1492 2351 1573 2380 mc.
1603 2342 1651 2380 at
1677 2337 1752 2379 the

273 2395 572 2437 Macedonian
592 2399 732 2443 court,
752 2394 953 2435 versified
982 2393 1057 2434 the
1080 2397 1339 2445 astronomy
1357 2393 1409 2434 of
1433 2392 1599 2434 Plato’s
1626 2391 1752 2446 pupil

267 2449 493 2498 Eudoxus,
514 2449 604 2491 and
625 2448 1060 2496 weather—forecasts,
1082 2449 1125 2488 in
1153 2451 1240 2488 two
1260 2459 1427 2500 poems,
1448 2447 1753 2488 Phaenmnena

272 2503 360 2545 and
390 2504 647 2544 Diosemeia.
706 2501 773 2544 Of
797 2501 986 2544 Cicero’s
1005 2500 1266 2542 translation
1288 2502 1339 2541 of
1360 2501 1434 2542 the
1459 2501 1623 2542 former
1646 2503 1753 2541 two-

268 2558 425 2606 thirds‚
446 2557 496 2599 of
511 2558 586 2599 the
604 2557 734 2598 latter
753 2556 1078 2610 (Proynostioa)
1096 2569 1124 2596 a
1141 2556 1227 2597 few
1245 2555 1357 2596 lines
1376 2555 1563 2596 survive.

272 2629 366 2671 222
