1853 3001
214 278 268 319 73

216 1020 268 1060 74

215 1960 268 2004 75

911 138 1163 188 CICERO

355 271 545 319 XXIX.
582 269 611 288 “
636 269 927 317 Proximum
964 277 1042 317 est
1078 277 1136 318 ut
1173 270 1383 318 doceam
1418 271 1629 319 deorum
1669 287 1778 334 pro-

291 340 516 386 videntia
543 339 790 385 mundum
820 339 1171 385 administrari.
1244 337 1465 402 Magnus
1494 355 1616 386 sane
1644 337 1781 386 locus

293 413 390 453 est1
423 413 476 453 et
509 423 538 452 a
571 409 767 461 vestris,
801 405 971 461 Cotta,
1004 412 1236 460 vexatus,
1271 422 1328 452 ac
1360 409 1596 452 nimirum
1619 406 1781 454 vobis-

291 490 405 521 cum
430 489 579 520 omne
616 480 876 520 certamen
912 479 1006 519 est.
1075 472 1208 519 Nam
1232 473 1389 529 vobis,
1413 472 1591 530 Vellei,
1614 476 1779 520 minus

290 548 469 588 notum
494 548 573 588 est
596 556 750 604 quem
774 540 839 587 ad
861 540 1070 587 modum
1093 540 1317 603 quidque
1341 541 1538 587 dicatur
1560 555 1573 596 3
1613 547 1782 588 vestra

292 612 427 655 enim
475 607 638 655 solum
686 607 872 671 legitis,
922 614 1091 654 vestra
1140 611 1338 663 amatis,
1388 615 1583 655 ceteros
1633 624 1784 655 causa

289 678 549 739 incognita
571 675 935 722 condemnatis.
1004 673 1159 722 Velut
1182 691 1212 721 a
1232 682 1287 722 te
1309 678 1417 737 ipso
1439 674 1679 722 hesterno
1702 675 1785 722 die

291 743 485 790 dictum
508 749 587 789 est
610 759 763 789 anum
785 741 1046 789 fatidicam
1077 740 1304 803 πρόνοιαν
1337 759 1367 789 a
1398 741 1575 789 Stoicis
1598 743 1785 798 induci,

291 810 343 857 id
384 816 463 856 est
500 810 903 872 providentiam3
953 809 1088 872 quod
1136 825 1196 856 eo
1245 825 1412 856 errore
1453 810 1625 857 dixisti
1667 812 1786 872 quia

293 880 570 924 existumas
605 877 668 923 ab
700 880 758 923 iis
792 877 1165 940 providentiam
1197 876 1320 940 fingi
1353 880 1496 940 quasi
1529 877 1785 940 quandam

291 945 442 991 deam
465 943 773 1008 singularem
798 960 930 1008 quae
953 945 1201 991 mundum
1226 960 1429 991 omnem
1453 945 1707 1009 gubernet
1730 950 1786 992 et

290 1019 454 1075 regat.
523 1011 624 1058 Sed
668 1013 721 1059 id
764 1015 990 1074 praecise
1029 1012 1242 1059 dicitur:
1302 1019 1377 1068 ut,
1424 1015 1465 1059 si
1501 1014 1611 1075 quis
1649 1012 1786 1059 dicat

292 1079 685 1126 Atheniensium
738 1095 848 1126 rem
902 1078 1157 1141 publicam
1212 1078 1415 1126 consilio
1469 1083 1596 1143 regi,
1651 1079 1786 1126 desit

290 1146 415 1194 illud
469 1145 479 1162 ‘
504 1146 799 1209 Areopagi,²
818 1145 830 1162 '
884 1150 954 1194 sic
1007 1163 1122 1193 cum
1189 1147 1400 1194 dicimus
1467 1147 1786 1210 providentia

290 1214 538 1260 mundum
591 1214 929 1261 administrari
980 1214 1158 1261 deesse
1211 1215 1456 1261 arbitrato
1509 1212 1519 1230 ‘
1539 1211 1785 1270 deorum,'

291 1281 441 1345 plene
491 1288 665 1328 autem
714 1288 767 1328 et
813 1280 1042 1344 perfecte
1084 1284 1154 1328 sic
1196 1282 1292 1329 dici
1330 1284 1638 1337 existimato,
1673 1298 1786 1343 pro-

292 1349 519 1396 videntia
555 1349 765 1396 deorum
801 1349 1049 1396 mundum
1087 1349 1439 1396 administrari.
1511 1348 1593 1396 Ita
1628 1348 1785 1395 salem

291 1419 465 1472 istum,
502 1432 602 1479 quo
646 1422 787 1462 caret
822 1423 991 1463 vestra
1034 1420 1192 1472 natio,
1234 1419 1287 1463 in
1328 1416 1603 1464 inridendis
1640 1416 1785 1462 nobis

292 1483 507 1530 nolitote
560 1499 873 1539 consumere,
928 1490 982 1531 et
1033 1482 1286 1530 mehercle
1338 1487 1380 1531 si
1430 1500 1514 1530 me
1568 1484 1784 1530 audiatis

292 1567 357 1597 ne
387 1554 716 1613 experiamini
745 1551 951 1613 quidem
974 1566 987 1607 3
1031 1568 1133 1598 non
1160 1552 1327 1607 decet,
1354 1568 1456 1598 non
1483 1551 1662 1598 datum
1689 1557 1786 1606 est,

292 1635 392 1664 non
425 1622 655 1680 potestis.
726 1618 833 1665 Nec
865 1635 983 1665 vero
1016 1617 1111 1665 hoc
1142 1621 1195 1665 in
1227 1626 1282 1666 te
1320 1624 1497 1665 unum³
1531 1621 1784 1673 convenit,

291 1687 513 1732 moribus
532 1686 819 1733 domesticis
839 1702 897 1732 ac
913 1694 1198 1733 nostrorum
1215 1685 1475 1733 hominum
1493 1687 1784 1733 urbanitate

291 1752 563 1808 limatum,⁴
596 1753 687 1800 sed
720 1769 835 1800 cum
867 1757 920 1800 in
952 1753 1170 1816 reliquos
1204 1760 1396 1801 vestros
1430 1760 1541 1800 tum
1576 1757 1629 1799 in
1667 1768 1784 1799 eum

292 1823 512 1866 maxime
541 1824 626 1883 qui
652 1824 750 1867 ista
775 1824 992 1883 peperit,
1019 1820 1277 1868 hominem
1302 1824 1409 1868 sine
1436 1828 1546 1868 arte
1572 1823 1680 1867 sine
1705 1819 1786 1867 lit-
1852 1829 1853 1836 ¹

292 1891 431 1943 teris,
465 1887 796 1934 insultantem
828 1891 880 1934 in
913 1905 1105 1944 omnes,
1137 1892 1245 1935 sine
1279 1891 1509 1935 acumine
1541 1887 1641 1934 ullo
1677 1890 1785 1933 sine

293 1958 598 2002 auctoritate
641 1958 748 2002 sine
790 1954 977 2018 lepore.
1094 1955 1256 2002 XXX.
1297 1955 1425 2003 Dico
1472 1958 1627 2020 igitur
1673 1970 1785 2017 pro·

379 2127 398 2154 ⁸
432 2128 645 2181 Ariopagi
665 2127 707 2169 A
733 2141 843 2169 corr.
862 2143 875 2170 ε
899 2073 1445 2181 ιΑΕτῗαέἸξέἔτῗξἈτὶἰρεὲἰ
1467 2127 1691 2179 Plasbery.

409 2182 426 2206 ³
456 2196 596 2222 unum
622 2182 855 2222 Blanutius
875 2182 992 2234 (post
1012 2184 1216 2223 convenit
1236 2181 1550 2229 Kindervater)
1570 2198 1581 2223 ε
1613 2193 1718 2224 uno,

674 2236 692 2261 ⁴
720 2235 925 2277 limatum
950 2236 1212 2278 Manutius:
1245 2235 1410 2277 limato.

341 2347 361 2366 ⁶
390 2341 473 2383 See
511 2344 538 2383 i.
576 2344 641 2390 18,
673 2344 743 2391 20,
775 2345 844 2383 22.
919 2342 1014 2383 The
1046 2342 1119 2383 lan
1156 2355 1271 2395 uage
1304 2341 1407 2383 here
1440 2341 1530 2383 and
1562 2345 1610 2382 at
1638 2342 1697 2382 iii.
1733 2343 1783 2382 18

286 2395 459 2447 implies
480 2396 578 2437 that
599 2396 674 2437 the
696 2395 822 2437 work
841 2409 931 2437 was
951 2397 1114 2448 planne
1165 2400 1212 2437 to
1230 2395 1308 2437 fall
1330 2398 1422 2437 into
1441 2395 1564 2436 three
1583 2399 1783 2447 separate

285 2452 614 2491 conversations
643 2451 744 2491 held
774 2464 830 2491 on
861 2451 982 2490 three
1011 2452 1252 2491 successive
1280 2450 1417 2502 days:
1456 2463 1515 2491 an
1543 2448 1782 2490 indication

286 2503 384 2544 that
404 2506 438 2544 it
455 2503 580 2546 lacks
599 2504 674 2546 the
694 2505 892 2546 author's
910 2503 1016 2545 final
1037 2506 1238 2546 revision.

303 2572 398 2621 194
