1919 3006
246 1115 296 1154 61

246 2066 299 2105 62

942 185 1194 235 CICERO

325 321 491 367 Diana
532 322 694 382 prima
738 324 885 364 natus
929 317 1127 374 dicitur,
1170 317 1418 365 secundus
1462 316 1716 366 Mercurio
1757 326 1810 368 et

324 395 523 442 Venere
549 393 787 449 secunda,
811 394 993 439 tertius
1019 395 1104 456 qui
1128 392 1265 438 idem
1290 398 1369 439 est
1392 393 1612 441 Anteros
1639 393 1812 442 Marte

326 477 381 516 et
410 468 611 515 Venere
640 469 809 514 tertia.
875 466 1050 528 Atque
1079 463 1205 512 haec
1237 465 1442 528 quidem
1475 465 1673 530 aliaque
1705 470 1811 514 eius

322 543 459 590 modi
490 558 553 588 ex
584 548 758 589 vetere
785 540 1028 587 Graeciae
1059 537 1195 585 fama
1225 539 1435 587 collecta
1464 547 1599 597 sunt,
1629 542 1810 604 quibus

325 615 577 679 intellegis
627 613 965 661 resistendum
1015 628 1124 659 esse
1174 628 1239 658 ne
1288 613 1652 675 perturbentur
1699 613 1811 661 reli-

322 693 497 754 giones
522 705 533 745 ;
583 691 736 734 vestri
768 694 942 734 autem
972 703 1074 733 non
1104 686 1254 733 modo
1286 685 1411 733 haec
1441 703 1542 734 non
1571 685 1812 734 refellunt

324 780 498 810 verum
559 765 713 809 etiam
774 761 1072 807 confirmant
1131 761 1514 823 interpretando
1573 777 1811 825 quorsum

324 837 546 900 quidque
582 838 855 898 pertineat.
926 833 1027 881 Sed
1064 849 1123 881 eo
1159 836 1260 880 iam
1297 834 1432 882 unde
1467 833 1566 881 huc
1601 835 1812 899 digressi

324 927 494 958 sumus
518 917 847 957 revertamur,

387 1103 573 1150 XXIV.
609 1101 639 1120 “
680 1137 691 1149 .
727 1137 738 1149 .
775 1137 786 1149 .
823 1102 956 1148 Num
976 1117 1149 1148 censes
1168 1103 1324 1165 igitur
1341 1100 1600 1149 subtiliore
1617 1104 1814 1150 ratione

325 1195 449 1242 opus
484 1193 593 1224 esse
630 1176 695 1223 ad
718 1174 845 1222 haec
872 1174 1152 1222 refellenda
1173 1175 1191 1221 ?
1251 1174 1383 1221 Nam
1407 1182 1635 1222 mentem
1661 1175 1813 1223 fidem

324 1268 463 1314 spen]
478 1253 719 1297 virtutem
735 1248 976 1296 honorem
991 1250 1250 1295 victoriam
1266 1247 1483 1295 salutem
1498 1249 1813 1296 concordiam

326 1332 599 1387 ceteraque
626 1326 731 1370 eius
755 1323 893 1370 modi
915 1338 1084 1368 rerum
1108 1325 1209 1368 vim
1231 1320 1421 1368 habere
1444 1322 1689 1378 videmus,
1712 1338 1813 1369 non

325 1400 550 1446 deorum.
606 1398 715 1444 Aut
737 1400 872 1443 enim
893 1399 946 1442 in
967 1397 1221 1443 nobismet
1240 1399 1414 1443 insunt
1432 1398 1570 1458 ipsis,
1591 1403 1650 1443 ut
1670 1412 1813 1443 mens

326 1479 384 1519 ut
410 1487 524 1534 spes
551 1477 609 1518 ut
635 1471 759 1517 fides
785 1477 845 1517 ut
869 1473 1026 1517 virtus
1052 1476 1111 1516 ut
1136 1469 1417 1525 concordia,
1443 1476 1533 1516 aut
1558 1469 1813 1532 optandae

324 1546 466 1592 nobis
502 1551 637 1600 sunt,
670 1551 729 1590 ut
762 1542 920 1590 honos
955 1549 1014 1590 ut
1047 1542 1179 1590 salus
1214 1549 1273 1590 ut
1306 1545 1548 1598 victoria3
1599 1559 1812 1606 quarum

323 1634 491 1665 rerum
548 1616 825 1663 utilitatem
881 1616 1045 1671 video,
1103 1615 1248 1663 video
1308 1618 1464 1661 etiam
1521 1621 1813 1662 consecrata

324 1690 604 1745 simulacra,
638 1706 794 1753 quare
827 1695 1001 1735 autem
1031 1691 1084 1735 in
1114 1691 1173 1735 iis
1205 1691 1277 1735 vis
1310 1689 1520 1735 deorum
1550 1690 1670 1735 insit
1700 1694 1812 1735 tum

321 1764 618 1828 intellegam
666 1768 799 1811 euml
849 1777 1145 1827 cognovero,
1236 1761 1348 1820 Quo
1396 1764 1449 1808 in
1496 1777 1685 1826 genere
1734 1760 1813 1808 vel

322 1841 543 1885 maxime
589 1843 668 1884 est
712 1837 937 1884 Fortuna
979 1836 1310 1892 numeranda,
1355 1852 1508 1898 quam
1552 1851 1702 1882 nemo
1747 1834 1810 1881 ab

322 1913 660 1957 inconstantia
682 1916 734 1956 et
755 1912 1049 1956 temeritate
1069 1911 1322 1972 seiunget‚
1347 1923 1477 1971 quae
1499 1907 1653 1972 digna
1673 1913 1811 1954 certe

325 2003 424 2032 non
449 1992 567 2031 sunt
591 1985 702 2031 deo.

389 2058 415 2073 “
437 2058 545 2104 Iam
571 2073 689 2103 vero
715 2056 837 2119 quid
861 2072 946 2102 vos
970 2054 1054 2101 illa
1079 2054 1302 2102 delectat
1327 2053 1595 2117 explicatio
1619 2052 1812 2101 fabula·

321 2147 433 2177 rum
459 2137 512 2176 et
537 2130 773 2176 enodatio
798 2131 1057 2174 nominum
1079 2127 1098 2174 ?
1122 2127 1398 2174 Exsectum
1424 2143 1454 2173 a
1472 2126 1571 2172 filio
1585 2125 1812 2182 Caelum,

324 2207 548 2251 vinctum
570 2203 750 2249 itidem
774 2218 804 2248 a
827 2201 927 2248 filio
952 2200 1242 2256 Saturnum,
1265 2199 1392 2246 haec
1416 2207 1469 2246 et
1493 2199 1590 2246 alia
1611 2201 1812 2264 generis

325 2277 551 2324 eiusdem
587 2279 661 2322 ita
696 2274 969 2322 defenditis
1005 2281 1064 2321 ut
1097 2276 1131 2319 ii
1168 2276 1254 2336 qui
1288 2276 1387 2320 ista
1422 2272 1678 2320 finxerunt
1711 2288 1812 2319 non

774 2383 790 2408 ²
821 2395 924 2423 cum
945 2389 1019 2426 <ex
1039 2385 1105 2426 te>
1124 2381 1328 2422 Bouhier.

393 2496 412 2515 ‘²
443 2489 525 2531 See
556 2492 657 2530 note
686 2502 743 2529 on
766 2489 784 2538 §
806 2490 873 2529 53.
935 2487 1030 2528 The
1060 2485 1360 2528 introduction
1390 2487 1442 2527 of
1465 2485 1541 2527 the
1569 2489 1673 2527 next
1691 2485 1811 2538 topio

335 2558 474 2586 seems
494 2548 539 2585 to
560 2544 672 2585 have
692 2543 803 2584 been
824 2542 922 2584 lost.

329 2615 426 2657 344-
