1853 3001
887 189 1139 238 CICERO

269 324 422 371 Cuius
444 323 537 370 sub
559 322 773 384 pedibus

383 400 582 452 corniger
603 402 668 439 est
686 396 833 438 valido
854 397 1054 438 conixus1
1074 410 1256 450 corpore
1276 396 1462 440 Taurus.

164 473 237 514 111
269 467 388 513 Eius
418 471 571 527 caput
600 462 757 510 stellis
786 479 1109 525 conspersum
1139 469 1217 510 est
1244 462 1631 526 frequentibus:

383 541 464 582 has
486 540 643 582 Graeci
664 538 810 580 stellas
833 538 1019 590 Hyadas
1039 541 1232 580 vocitare
1251 543 1447 587 suerunt,

268 625 298 654 a
337 606 558 670 pluendo
607 604 723 668 (ὕειν
773 606 906 650 enim
950 611 1027 650 est
1068 604 1281 667 pluere),
1323 608 1480 651 nostri
1521 608 1757 668 imperite

268 674 491 729 Suculas,
516 675 657 735 quasi
683 688 711 718 a
735 672 888 718 subus
914 679 1100 727 essent,
1124 689 1224 718 non
1249 672 1311 718 ab
1335 673 1577 719 imbribus
1600 676 1757 719 nomi-

268 750 435 789 natae.
507 740 760 786 Minorem
820 746 992 785 autem
1051 738 1463 800 Septentrionem
1522 739 1757 803 Cepheus

266 812 422 873 passis
444 807 622 870 palmis
645 823 674 852 a
694 811 861 869 tergo²
882 806 1207 869 subsequitur
1229 822 1240 852 t

384 897 577 936 namque
598 885 744 934 ipsum
766 881 822 921 ad
846 886 1019 934 tergum
1043 881 1299 933 Cynosurae
1319 884 1501 923 vertitur
1522 881 1660 925 Arcti.

268 950 418 998 Hunc
441 949 700 995 antecedit

384 1026 572 1067 obscura
592 1025 736 1076 specie
756 1023 981 1064 stellarum
1003 1022 1241 1075 Cassiepia.

384 1080 499 1120 hanc
519 1083 667 1119 autem
689 1077 861 1118 inlustri
881 1081 1079 1118 versatur
1099 1090 1281 1129 corpore
1302 1081 1480 1130 propter

384 1131 670 1175 Andromeda
692 1132 926 1183 aufugiens
948 1135 1175 1183 aspectum
1198 1136 1365 1172 maesta
1385 1133 1593 1184 parentis.

383 1188 486 1229 huic
506 1187 661 1239 Equus
682 1185 753 1226 ille
774 1185 925 1225 iubam
947 1187 1150 1236 quatiens
1169 1184 1343 1237 fulgore
1365 1187 1545 1226 micanti

381 1254 607 1283 summum
627 1241 844 1291 contingit
863 1243 998 1291 caput
1018 1238 1132 1286 alvo,
1153 1239 1367 1291 stellaque
1387 1241 1575 1292 iungens

383 1309 474 1337 una
494 1297 614 1336 tenet
633 1293 830 1345 duplices
851 1295 1077 1333 communi
1098 1292 1264 1333 lumine
1284 1295 1450 1334 formas

381 1354 609 1390 aeternum
630 1361 682 1388 ex
703 1349 830 1388 astris
851 1349 1032 1399 cupiens
1053 1351 1279 1388 conectere
1300 1346 1482 1388 nodum.

382 1406 479 1445 exin
501 1403 711 1443 contortis
732 1401 859 1442 Aries
879 1413 982 1442 cum
1003 1400 1209 1441 cornibus
1231 1400 1381 1442 haeret
1398 1417 1409 1447 3

263 1486 417 1534 quem
440 1474 648 1532 propter

381 1545 540 1592 Pisces,
562 1556 752 1596 quorum
773 1541 882 1582 alter
902 1541 1086 1594 paulum
1107 1541 1378 1593 praelabitur
1397 1545 1501 1583 ante

379 1603 421 1640 et
442 1600 584 1651 magis
607 1597 827 1637 horriferis
849 1595 1083 1648 Aquilonis
1103 1597 1303 1648 tangitur
1323 1597 1454 1637 auriS.

157 1672 235 1714 112
261 1664 443 1711 XLIV.
480 1664 563 1710 Ad
590 1663 748 1726 pedes
775 1661 1134 1708 Andromedae
1163 1660 1375 1707 Perseus
1404 1661 1720 1719 describitur,

379 1753 511 1793 quem
532 1751 708 1780 summa
728 1737 818 1783 <a>³
838 1739 1017 1790 regione
1037 1736 1256 1789 aquilonis
1277 1736 1460 1777 flamina
1479 1736 1680 1789 pulsant;

267 1808 407 1853 cuius

489 1868 667 1934 pfopter
687 1879 862 1920 laevum
882 1878 1042 1931 genus4
1061 1879 1181 1918 omni
1204 1891 1256 1918 ex
1276 1882 1400 1929 parte
1421 1877 1586 1920 locatas

375 1935 552 1988 parvas⁵
575 1933 791 1986 Vergilias
812 1934 932 1973 tenui
953 1945 1054 1972 cum
1076 1931 1172 1972 luce
1192 1931 1372 1972 videbis.

377 1989 479 2030 inde
503 1987 630 2029 Fides
652 1989 794 2040 posita
816 1990 858 2027 et
878 1985 1028 2026 leviter
1047 1998 1242 2026 convexa
1262 1985 1449 2033 videtur,

376 2043 479 2083 inde
500 2046 565 2083 est
585 2041 673 2082 ales
697 2042 803 2081 Avis
824 2039 913 2080 lato
934 2039 1017 2080 sub
1039 2041 1233 2092 tegmine
1253 2039 1374 2080 caeli.

257 2107 423 2170 Capiti
448 2114 620 2153 autem
644 2107 775 2169 Equi
797 2108 1027 2167 proxima
1050 2111 1128 2151 est
1150 2106 1359 2168 Aquarii
1383 2105 1563 2151 dextra
1586 2110 1743 2152 totus-

259 2191 358 2239 que
381 2175 619 2237 deinceps
641 2174 908 2236 Aquarius.

600 2270 616 2294 1
645 2270 858 2310 connixus
881 2268 982 2308 dett.
1004 2284 1014 2307 z
1046 2279 1236 2307 conexus
1259 2267 1318 2313 Α,
1341 2267 1393 2306 Β.

557 2323 573 2347 ²
602 2327 727 2374 terga
749 2323 808 2369 A,
831 2322 883 2369 B,
906 2325 1050 2373 <post>
1070 2325 1193 2372 terga
1215 2320 1438 2372 l'lasberq.

332 2377 351 2403 ⁸
380 2377 561 2417 Baiter:
593 2376 651 2416 ab
677 2369 712 2415 Β
732 2389 840 2416 corr.
1033 2375 1050 2399 ⁴
1079 2387 1219 2426 genus
1245 2374 1280 2413 B
1301 2388 1409 2414 corr.
1431 2391 1441 2415 ι
1472 2386 1653 2427 genum.

510 2430 526 2454 ⁵
556 2431 676 2472 omni
709 2460 720 2471 .
753 2459 764 2471 .
798 2459 809 2471 .
841 2440 1000 2481 parvas
1023 2428 1060 2468 B
1080 2441 1221 2469 corr.:
1253 2441 1335 2469 om.
1358 2432 1452 2470 cett.

769 2560 788 2581 ⁸
816 2554 898 2596 See
919 2554 1073 2601 above,
1096 2557 1114 2601 ἓ
1141 2557 1231 2594 105.

264 2625 359 2667 228
