1919 3006
915 196 1167 245 CICERO

293 329 447 378 oculis
473 336 526 377 et
550 346 651 376 non
677 327 836 375 altero
855 330 1134 384 coniveam,
1158 343 1273 374 cum
1297 325 1436 373 idem
1455 343 1556 374 uno
1575 326 1784 390 adsequi

294 420 532 486 possim.”

245 520 272 562 9
359 513 445 560 IV.
480 513 611 560 Tum
647 511 802 559 Cotta
837 509 866 528 “
891 509 1058 570 Quam
1095 509 1256 557 simile
1291 510 1429 557 istud
1464 512 1533 557 sit
1555 508 1584 525 '’
1619 511 1786 573 inquit

296 603 326 623 ‘⁴
347 612 406 653 tu
435 605 631 652 videris.
700 602 832 649 Nam
862 618 958 667 ego
991 617 1158 666 neque
1190 604 1242 647 in
1271 604 1449 657 causis,
1482 603 1523 647 si
1556 601 1678 664 quid
1707 607 1785 648 est

297 697 502 745 evidens
539 696 602 743 de
639 711 737 758 quo
773 697 908 741 inter
943 695 1103 741 omnis
1133 696 1417 748 conveniat,
1443 693 1787 756 argumentari

297 788 432 836 soleo
475 788 826 851 (perspicuitas
865 788 1000 832 enim
1039 786 1480 849 argumentatione
1523 781 1789 846 elevatur),

299 896 392 926 nec
417 883 455 926 si
479 879 532 927 id
555 877 776 924 facerem
810 881 862 924 in
887 879 1046 924 causis
1081 874 1362 923 forensibus
1396 875 1534 922 idem
1567 873 1788 921 facerem

298 973 350 1018 in
385 970 480 1018 hac
515 969 799 1017 subtilitate
835 971 1092 1015 sermonis.
1165 966 1266 1013 Cur
1301 969 1576 1013 coniveresl
1616 971 1788 1012 autem

302 1062 461 1109 altero
485 1061 627 1109 oculo
651 1077 802 1108 causa
824 1077 925 1107 non
949 1066 1101 1115 esset,
1123 1075 1239 1106 cum
1261 1058 1398 1105 idem
1421 1058 1630 1105 obtutus
1655 1062 1791 1104 esset

303 1155 584 1209 amborum,
610 1159 663 1199 et
687 1169 801 1199 cum
824 1167 994 1198 rerum
1018 1157 1217 1205 natura,
1244 1166 1397 1213 quam
1421 1156 1480 1196 tu
1505 1151 1792 1211 sapientem

305 1261 414 1293 esse
434 1248 523 1301 vis,
543 1245 642 1292 duo
661 1243 851 1290 lumina
871 1243 934 1289 ab
955 1245 1121 1289 animo
1147 1241 1212 1288 ad
1236 1240 1402 1288 oculos
1421 1238 1681 1303 perforata
1702 1254 1793 1287 nos

303 1335 493 1384 habere
512 1335 764 1383 voluisset.
804 1333 905 1381 Sed
923 1336 1042 1398 quia
1060 1349 1161 1380 non
1179 1332 1466 1379 confidebas
1485 1338 1594 1379 tam
1614 1346 1723 1378 esse
1741 1330 1794 1378 id

304 1431 625 1492 perspicuum
666 1443 819 1490 quam
850 1432 909 1472 tu
939 1424 1108 1481 velles,
1133 1430 1406 1487 propterea
1436 1422 1607 1470 multis
1648 1439 1795 1487 argu-

305 1523 491 1566 mentis
522 1519 642 1566 deos
674 1534 782 1565 esse
813 1517 995 1564 docere
1025 1515 1239 1563 voluisti.
1312 1514 1441 1561 Mihi
1473 1517 1608 1561 enim
1638 1530 1794 1561 unum

308 1619 387 1659 sat
409 1618 535 1667 erat,
556 1614 630 1657 ita
651 1611 793 1656 nobis
814 1612 1028 1655 maiores
1050 1614 1245 1654 nostros
1267 1606 1549 1653 tradidisse.
1618 1604 1718 1652 Sed
1738 1611 1797 1652 tu

234 1710 286 1751 10
310 1706 638 1750 auctoritates
655 1703 953 1757 contemnis,
970 1702 1166 1746 ratione
1182 1714 1378 1763 pugnas
1402 1713 1414 1754 ;
1448 1704 1627 1761 patere
1643 1700 1798 1762 igitur

310 1799 559 1842 rationem
585 1810 753 1840 meam
778 1809 893 1840 cum
919 1799 1010 1839 tua
1033 1794 1230 1838 ratione
1256 1790 1581 1838 contendere.

376 1886 404 1903 “
429 1885 613 1934 Adfers
669 1884 794 1932 haec
850 1887 1019 1931 omnia
1075 1888 1377 1947 argumenta
1431 1898 1519 1928 cur
1574 1880 1624 1928 di
1680 1883 1801 1936 sint,

312 1994 523 2041 remque
568 1993 685 2024 mea
729 1979 986 2023 sententia
1030 1977 1236 2021 minime
1283 1974 1489 2021 dubiam
1535 1987 1802 2036 argumen-

314 2070 471 2118 tando
506 2070 713 2116 dubiam
741 2067 878 2115 facis.
954 2066 1196 2114 Mandavi
1227 2068 1361 2112 enim
1394 2066 1668 2111 memoriae
1702 2079 1801 2110 non

315 2177 582 2209 numerum
617 2159 777 2208 solum
811 2160 901 2206 sed
936 2161 1092 2205 etiam
1126 2158 1354 2205 ordinem
1388 2161 1803 2219 argumentorum

315 2260 534 2301 tuorum.
604 2251 827 2299 Primum
864 2249 979 2306 fuit,
1017 2266 1131 2297 cum
1168 2247 1364 2296 caelum
1401 2249 1798 2310 suspexissemus

318 2348 492 2392 statim
521 2360 610 2391 nos
637 2342 936 2406 intellegere
965 2357 1074 2388 esse
1103 2340 1306 2404 aliquod
1333 2354 1523 2386 numen
1550 2354 1650 2402 quo
1677 2336 1803 2385 haec

318 2443 576 2501 regantur.
643 2435 723 2482 Ex
745 2433 838 2482 hoc
859 2433 982 2480 illud
1005 2435 1160 2479 etiam
1183 2448 1195 2479 ε

796 2528 816 2557 ⁸
847 2530 899 2571 M
899 2530 1032 2582 adviy
1051 2546 1061 2571 ε
1094 2533 1336 2571 contueres.

333 2623 428 2672 294
