1919 3006
989 159 1241 209 CICERO

366 291 602 346 intersit3
656 305 743 336 cur
779 291 932 345 enim,
967 292 1181 352 inquies,
1218 306 1333 336 cum
1368 305 1433 337 ex
1466 288 1561 337 illis
1595 289 1862 338 individuis

366 371 501 418 unde
539 373 708 417 omnia
745 370 1067 417 Democritus
1105 374 1244 434 gigni
1283 370 1534 427 adfirmat,
1570 374 1623 418 in
1657 371 1862 435 reliquis

365 452 565 499 mundis
600 458 654 499 et
684 454 737 498 in
768 454 827 499 iis
861 452 1068 515 quidem
1097 451 1546 499 innumerabilibus
1574 455 1861 499 innumera-

365 532 490 580 biles
528 532 588 592 Q.
627 532 823 580 Lutatii
860 532 1028 579 Catuli
1065 549 1167 580 non
1203 533 1353 580 modo
1386 536 1580 596 possint
1621 550 1731 581 esse
1772 533 1863 581 sed

366 617 522 662 etiam
561 617 678 670 sint,
714 617 767 660 in
804 613 899 661 hoc
938 621 1085 661 tanto
1124 614 1314 661 mundo
1351 613 1561 662 Catulus
1598 614 1727 662 alter
1761 631 1864 662 non

363 699 522 758 possit
545 696 673 742 effici
695 696 713 742 ?

287 786 342 826 56
429 776 623 823 XVIII.
668 776 942 823 “Primum
997 776 1203 840 quidem
1255 792 1339 823 me
1395 777 1460 823 ad
1513 776 1866 824 Democritum

365 874 546 914 vocas3
600 860 679 904 cui
714 874 815 904 non
851 858 1107 905 adsentior
1141 861 1413 921 potiusque
1447 856 1623 905 refello
1657 865 1867 921 propter

363 939 417 986 id
467 939 603 1002 quod
653 938 870 986 dilucide
921 939 1134 986 docetur
1184 955 1214 985 a
1262 938 1579 1002 politioribus
1628 938 1866 1004 physicis,

367 1020 677 1084 singularum
715 1036 885 1067 rerum
925 1019 1148 1084 singulas
1185 1023 1526 1083 proprietates
1567 1036 1692 1068 esse.
1766 1021 1868 1068 Fac

366 1105 502 1149 enim
525 1105 760 1165 antiquos
782 1101 890 1148 illos
915 1101 1164 1157 Servilios,
1190 1105 1275 1165 qui
1298 1104 1488 1166 gemini
1510 1100 1736 1158 fuerunt,
1758 1109 1868 1150 tam

365 1183 550 1230 similes
587 1200 741 1247 quam
776 1183 1046 1231 dicuntur:
1099 1200 1222 1230 num
1257 1199 1432 1230 censes
1469 1186 1625 1231 etiam
1661 1184 1868 1231 eosdem

365 1263 520 1312 fuisse
543 1265 562 1313 ?
621 1264 736 1312 Non
760 1265 1197 1329 cognoscebantur
1221 1263 1357 1322 foris,
1383 1271 1438 1312 at
1462 1265 1599 1312 domi
1621 1280 1634 1321 ;
1676 1281 1779 1312 non
1803 1265 1869 1314 ab

367 1346 558 1403 alienis,
589 1353 643 1394 at
671 1363 701 1393 a
727 1349 842 1393 suis.
907 1347 990 1394 An
1022 1363 1124 1394 non
1153 1346 1381 1394 videmus
1409 1345 1504 1394 hoc
1528 1363 1622 1394 usu
1649 1349 1867 1394 venisse¹

366 1435 441 1484 ut,
485 1444 609 1492 quos
652 1445 931 1492 numquam
973 1435 1295 1491 putassemus
1339 1444 1369 1474 a
1410 1428 1553 1475 nobis
1593 1430 1867 1476 internosci

365 1526 530 1573 posse,
573 1526 657 1557 eos
698 1510 1066 1557 consuetudine
1109 1508 1338 1556 adhibita
1377 1516 1485 1556 tam
1524 1507 1672 1556 facile
1711 1511 1869 1556 inter-

366 1607 686 1638 nosceremus
732 1594 808 1638 uti
852 1607 917 1638 ne
962 1594 1229 1637 minimum
1275 1590 1482 1654 quidem
1526 1589 1713 1637 similes
1758 1606 1869 1638 esse

290 1682 343 1721 57
369 1673 704 1719 viderentur?
791 1672 888 1719 Hic
941 1689 1138 1735 pugnes
1191 1671 1328 1728 licet,
1382 1688 1484 1718 non
1535 1672 1869 1735 repugnab03

368 1758 489 1817 quin
517 1757 673 1801 etiam
701 1754 976 1800 concedam
1002 1753 1143 1800 illum
1170 1757 1336 1816 ipsum
1363 1756 1649 1816 sapientem
1675 1753 1740 1800 de
1768 1769 1869 1816 quo

367 1838 527 1882 omnis
563 1834 645 1882 hic
683 1851 847 1882 sermo
888 1842 983 1890 est,
1022 1852 1137 1881 cum
1176 1837 1223 1881 ei
1259 1850 1340 1882 res
1379 1833 1565 1881 similes
1603 1840 1870 1881 occurrant

367 1933 490 1980 quas
537 1933 637 1963 non
684 1915 874 1963 habeat
921 1917 1195 1971 dinotatas,
1230 1922 1552 1963 retenturum
1599 1915 1869 1962 adsensum

367 2014 460 2044 nec
504 2015 745 2061 umquam
790 1997 876 2044 ulli
920 2001 1024 2044 viso
1070 1998 1400 2044 adsensurum
1444 1999 1538 2043 nisi
1583 1996 1718 2060 quod
1761 1995 1866 2043 tale

367 2078 522 2126 fuerit
543 2079 691 2142 quale
712 2078 893 2126 falsum
916 2095 1025 2126 esse
1045 2095 1146 2125 non
1165 2081 1337 2141 possit.
1392 2077 1494 2124 Sed
1513 2084 1568 2124 et
1587 2077 1652 2125 ad
1671 2084 1867 2124 ceteras

368 2176 447 2207 res
485 2160 643 2207 habet
681 2161 936 2224 quandam
975 2167 1138 2207 artem
1176 2176 1277 2222 qua
1312 2175 1432 2206 vera
1469 2175 1500 2205 a
1534 2157 1670 2205 falsis
1707 2161 1866 2221 possit

369 2241 699 2305 distinguere,
724 2249 778 2289 et
801 2242 865 2288 ad
887 2241 1240 2288 similitudines
1262 2244 1385 2287 istas
1408 2256 1526 2287 usus
1550 2238 1865 2287 adhibendus

839 2371 855 2394 ¹
885 2370 1075 2410 Dav-ies:
1108 2371 1256 2410 venire
1275 2369 1398 2409 codd.

853 2520 872 2539 ⁰
899 2515 993 2556 The
1016 2515 1173 2562 Stoics,
1195 2515 1251 2566 cf.
1275 2518 1294 2562 ἓ
1318 2517 1386 2556 85.

380 2584 472 2627 538
