1853 3001
906 212 1157 261 CICERO

285 347 442 392 totius
465 351 679 391 naturae
702 347 863 390 menti
887 350 1043 406 atque
1068 346 1235 390 animo
1257 343 1437 390 tribuit
1459 341 1553 389 hoc
1576 357 1779 398 nomen,

285 426 396 466 tum
428 419 665 466 ultimum
701 425 755 465 et
789 418 1089 466 altissimum
1123 425 1279 481 atque
1313 418 1539 481 undique
1572 420 1775 465 circum·

285 494 454 541 fusum
497 501 550 541 et
592 500 880 541 extremum
923 497 1092 540 omnia
1131 496 1425 557 cingentem
1467 500 1623 556 atque
1664 509 1773 539 con·

285 569 494 632 plexum
520 570 768 625 ardorem,
796 572 882 632 qui
909 567 1088 615 aether
1113 572 1420 624 nominetur,
1445 570 1780 614 certissimum

287 645 441 691 deum
473 644 698 699 iudicat3
750 644 990 706 idemque
1025 646 1168 706 quasi
1201 642 1438 698 delirans,
1468 645 1522 688 in
1552 645 1612 689 iis
1643 641 1782 689 libris

288 735 413 782 quos
444 721 644 781 scripsit
672 725 851 765 contra
880 717 1216 780 voluptatem,
1247 724 1359 764 tum
1391 717 1540 781 fingit
1568 715 1784 764 formam

289 794 546 856 quandam
580 800 634 840 et
666 796 888 855 speciem
921 793 1149 848 deorum,
1182 799 1295 839 tum
1328 793 1650 839 divinitatem
1680 807 1787 838 om-

290 883 409 914 nem
454 868 635 913 tribuit
679 870 844 922 astris,
889 873 1002 912 tum
1046 865 1170 912 nihil
1214 869 1411 913 ratione
1456 872 1633 913 censet
1677 879 1789 912 esse

291 942 521 988 divinius.
591 941 674 987 Ita
704 941 763 987 fit
791 948 851 987 ut
881 941 1006 987 deus
1034 940 1118 987 ille
1149 957 1303 1003 quem
1332 947 1509 987 mente
1538 942 1789 987 noscimus

292 1024 449 1079 atque
472 1019 524 1062 in
548 1019 703 1061 animi
726 1019 933 1062 notione
957 1022 1224 1078 tamquam
1246 1019 1299 1061 in
1322 1018 1538 1079 vestigio
1561 1013 1790 1061 volumus

214 1097 269 1138 38
291 1107 539 1153 reponere
550 1107 800 1154 nusquam
816 1106 1016 1152 prorsus
1030 1096 1291 1153 appareat.
1329 1090 1438 1137 XV.
1457 1090 1530 1136 At
1545 1088 1791 1135 Persaeus

294 1166 523 1213 eiusdem
561 1165 775 1211 Zenonis
820 1165 1021 1212 auditor
1063 1181 1147 1211 eos
1191 1170 1321 1211 esse1
1363 1163 1564 1211 habitos
1602 1163 1724 1211 deos
1762 1179 1792 1209 a

293 1242 476 1304 quibus
514 1240 683 1304 aliqua
718 1257 906 1304 magna
937 1239 1130 1287 utilitas
1161 1240 1226 1287 ad
1257 1243 1393 1286 vitae
1430 1239 1623 1286 cultum
1656 1245 1793 1286 esset

293 1319 521 1370 inventa,
543 1318 781 1378 ipsasque
802 1331 883 1361 res
906 1314 1056 1361 utiles
1081 1321 1134 1361 et
1163 1313 1410 1361 salutares
1440 1314 1651 1361 deorum
1681 1329 1791 1360 esse

295 1389 549 1437 vocabulis
565 1396 901 1452 nuncupatas,
917 1396 977 1436 ut
991 1405 1055 1435 ne
1071 1388 1167 1435 hoc
1183 1390 1390 1452 quidem
1400 1389 1611 1444 diceret,
1621 1387 1706 1434 illa
1720 1396 1794 1434 in-

295 1472 451 1512 venta
468 1480 577 1511 esse
594 1465 822 1520 deorum,
834 1464 926 1511 sed
939 1467 1048 1526 ipsa
1059 1464 1254 1519 divina;
1274 1479 1374 1526 quo
1390 1463 1514 1526 quid
1529 1462 1793 1510 absurdius

297 1556 452 1603 quam
473 1546 563 1586 aut
583 1556 662 1586 res
685 1539 910 1586 sordidas
934 1545 1090 1602 atque
1112 1537 1353 1585 deformis
1374 1538 1585 1585 deorum
1605 1536 1795 1583 honore

299 1614 516 1662 adficere
545 1621 635 1661 aut
662 1612 892 1660 homines
919 1616 1022 1659 iam
1049 1619 1215 1659 morte
1244 1611 1441 1659 deletos
1468 1627 1716 1675 reponere
1742 1614 1796 1657 in

299 1690 438 1745 deOS,
474 1705 688 1752 quorum
723 1691 884 1735 omnis
920 1687 1085 1734 cultus
1122 1693 1257 1733 esset
1291 1685 1493 1734 futurus
1527 1690 1580 1733 in
1613 1685 1796 1733 luctu?

219 1771 275 1812 39
301 1763 409 1810 Iam
462 1780 581 1810 vero
634 1762 963 1827 Chrysippus,
1016 1765 1102 1826 qui
1156 1761 1438 1809 Stoicorum
1490 1764 1798 1808 somniorum

299 1838 613 1886 vaferrumus
641 1837 861 1885 habetur
886 1841 1157 1900 interpres,
1184 1854 1425 1901 magnam
1451 1837 1656 1883 turbam
1683 1853 1798 1883 con-

299 1921 484 1978 gregat
518 1917 809 1978 ignotorum
846 1913 1075 1968 deorum,
1113 1918 1269 1975 atque
1305 1915 1379 1958 ita
1414 1914 1704 1975 ignotorum
1740 1923 1799 1964 ut

302 2005 387 2036 eos
420 2005 485 2035 ne
518 1992 809 2035 coniectura
841 1987 1049 2050 quidem
1079 1985 1353 2033 informare
1385 1989 1651 2049 possimus,
1683 2001 1799 2032 cum

301 2080 444 2110 mens
503 2070 676 2110 nostra
735 2063 931 2126 quidvis
990 2062 1224 2108 videatur
1282 2064 1594 2125 cogitatione
1650 2076 1798 2123 posse

301 2138 598 2201 depingere,
643 2140 715 2183 ait
760 2139 896 2182 enim
940 2139 1041 2182 vim
1085 2136 1307 2182 divinam
1350 2137 1403 2181 in
1445 2137 1643 2181 ratione
1688 2148 1799 2180 esse

301 2216 520 2275 positam
546 2219 600 2258 et
623 2215 676 2257 in
700 2215 965 2257 universae
990 2217 1204 2257 naturae
1229 2213 1398 2256 animo
1423 2216 1580 2272 atque
1604 2215 1799 2264 mente,

300 2290 569 2349 ipsumque
608 2286 857 2332 mundum
896 2285 1050 2332 deum
1090 2285 1213 2331 dicit
1253 2299 1363 2330 esse
1402 2290 1458 2330 et
1497 2286 1603 2329 eius
1644 2284 1798 2328 animi

301 2359 552 2408 fusionem
576 2363 879 2415 universam,
902 2366 1014 2406 tum
1039 2362 1145 2405 eius
1169 2362 1323 2421 ipsius
1346 2360 1685 2420 principatum
1709 2358 1796 2420 qui

303 2437 355 2482 in
383 2442 559 2482 mente
590 2442 644 2482 et
672 2438 868 2481 ratione
899 2441 1146 2489 versetur,
1175 2447 1598 2497 communemque
1625 2447 1795 2478 rerum

817 2553 835 2580 ²
864 2565 937 2593 eos
958 2551 1065 2592 dicit
1084 2563 1177 2592 esse
1195 2551 1283 2594 det·

312 2624 377 2665 40
