1853 3001
843 190 1095 238 CICERO

226 320 418 379 Quodsi
444 321 620 368 mundi
646 327 817 383 partes
844 327 1028 367 natura
1054 321 1486 376 administrantur,
1510 335 1716 367 necesse

227 409 306 448 est
337 402 583 455 mundum
615 405 780 464 ipsum
812 408 995 448 natura
1024 402 1376 448 administrari.
1434 400 1586 448 Cuius
1609 403 1717 464 qui-

227 483 344 529 dem
370 483 739 530 administratio
764 481 887 529 nihil
918 481 1076 529 habet
1099 485 1152 529 in
1175 499 1229 530 se
1255 482 1391 546 quod
1413 480 1715 545 reprehendi

225 567 418 626 possit3
474 580 538 610 ex
573 567 632 610 iis
669 567 804 610 enim
840 567 1032 610 naturis
1069 580 1200 627 quae
1237 570 1383 610 erant
1418 564 1555 627 quod
1589 563 1716 610 effici

151 653 203 693 87
227 648 475 707 optimum
509 647 680 708 potuit
715 643 952 691 effectum
987 651 1079 691 est.
1149 644 1349 692 Doceat
1383 661 1503 708 ergo
1538 643 1716 707 aliquis

226 728 450 787 potuisse
494 725 708 781 melius3
772 726 862 773 sed
917 742 1067 772 nemo
1111 742 1354 789 umquam
1397 726 1618 780 docebit,
1663 730 1718 772 et

226 809 266 853 si
309 809 419 869 quis
462 809 712 870 corrigere
755 805 945 869 aliquid
986 806 1122 853 volet
1165 813 1254 853 aut
1296 807 1521 854 deterius
1563 805 1740 852 faciet'

228 894 317 934 aut
339 888 391 934 id
415 887 551 950 quod
573 887 681 933 fieri
704 904 805 934 non
826 891 1053 950 potuerit
1076 888 1399 935 desiderabit.

289 976 320 997 “
340 968 534 1027 Quodsi
560 985 734 1015 omnes
758 969 934 1015 mundi
958 976 1130 1031 partes
1159 972 1233 1015 ita
1262 972 1570 1016 constitutae
1600 974 1719 1016 sunt

225 1055 285 1096 ut
323 1065 491 1113 neque
533 1050 599 1097 ad
637 1066 784 1096 usum
825 1049 1056 1096 meliores
1097 1053 1360 1113 potuerint
1401 1066 1510 1097 esse
1550 1065 1719 1112 neque

225 1131 291 1178 ad
323 1134 543 1193 speciem
575 1130 864 1194 pulcriores,
895 1132 1156 1178 videamus
1189 1138 1360 1177 utrum
1396 1147 1456 1177 ea
1488 1129 1721 1177 fortuita-

226 1227 290 1259 ne
337 1216 438 1259 sint
486 1228 550 1258 an
599 1227 658 1258 eo
707 1219 846 1258 statu
895 1228 993 1276 quo
1050 1210 1319 1259 cohaerere
1376 1211 1514 1258 nullo
1568 1212 1720 1258 modo

226 1296 488 1355 potuerint
549 1295 642 1339 nisi
704 1309 854 1339 sensu
914 1293 1214 1340 moderante
1276 1293 1547 1356 divinaque
1607 1309 1721 1356 pro-

227 1374 465 1421 videntia.
536 1373 586 1420 Si
634 1376 790 1437 igitur
835 1373 1045 1420 meliora
1091 1381 1210 1421 sunt
1258 1390 1319 1421 ea
1366 1390 1497 1437 quae
1539 1381 1722 1421 natura

227 1471 381 1519 quam
422 1454 507 1501 illa
549 1471 681 1518 quae
725 1462 835 1502 arte
877 1453 1108 1518 perfecta
1149 1462 1285 1512 sunt,
1322 1472 1416 1502 nec
1453 1472 1531 1502 ars
1571 1455 1721 1502 efficit

227 1540 497 1600 quicquam
537 1539 643 1583 sine
685 1539 899 1592 ratione,
936 1553 1000 1583 ne
1043 1543 1225 1583 natura
1267 1537 1473 1600 quidem
1513 1539 1720 1583 rationis

227 1633 407 1680 expers
429 1625 506 1664 est
531 1616 781 1664 habenda.
841 1617 940 1676 Qui
960 1620 1115 1681 igitur
1134 1620 1385 1674 convenit,
1406 1620 1606 1682 signum
1631 1623 1721 1664 aut

226 1698 455 1745 tabulam
483 1701 672 1761 pictam
701 1715 816 1745 cum
845 1701 1117 1761 aspexeris,
1146 1702 1271 1746 scire
1301 1697 1581 1745 adhibitam
1610 1713 1720 1745 esse

226 1786 407 1835 artem,
446 1795 663 1842 cumque
706 1778 879 1842 procul
918 1796 1117 1826 cursum
1156 1783 1341 1843 navigii
1382 1780 1582 1836 videris,
1619 1795 1721 1826 non

226 1860 462 1908 dubitare
499 1864 621 1924 quin
655 1861 708 1908 id
741 1864 939 1907 ratione
976 1868 1132 1924 atque
1168 1868 1278 1907 arte
1313 1868 1595 1917 moveatur,
1631 1867 1721 1908 aut

226 1958 341 1988 cum
358 1941 592 1989 solarium
609 1941 689 1988 vel
706 1942 1015 2005 descriptum
1032 1941 1111 1989 vel
1129 1959 1192 1988 ex
1211 1959 1342 2006 aqua
1358 1941 1720 2005 contemplere,

226 2022 527 2087 intellegere
563 2023 807 2070 declarari
841 2021 988 2070 horas
1024 2030 1134 2070 arte
1169 2040 1270 2071 non
1304 2040 1440 2080 casu,
1474 2024 1720 2071 mundum

229 2111 421 2161 autern,
455 2107 541 2168 qui
576 2111 629 2151 et
662 2104 751 2151 has
784 2108 917 2167 ipsas
952 2111 1087 2152 artes
1122 2112 1176 2152 et
1208 2121 1383 2152 earum
1416 2105 1632 2152 artifices
1666 2111 1721 2152 et

226 2193 409 2233 cuncta
427 2185 793 2248 conplectatur,
814 2186 1002 2233 consilii
1024 2193 1077 2233 et
1096 2189 1302 2233 rationis
1323 2202 1432 2233 esse
1453 2193 1717 2249 expertem

148 2273 202 2312 88
225 2268 450 2329 putare?
519 2266 710 2325 Quodsi
759 2270 812 2313 in
861 2265 1119 2330 Scythiam
1168 2273 1258 2314 aut
1303 2269 1356 2313 in
1402 2265 1715 2314 Britanniam

225 2347 491 2411 sphaeram
523 2347 700 2411 aliquis
729 2347 905 2395 tulerit
933 2347 1062 2394 hanc
1090 2364 1243 2411 quam
1271 2363 1434 2411 nuper
1459 2346 1716 2395 familiaris

227 2436 398 2476 noster
424 2428 590 2475 effecit
616 2428 928 2484 Posidonius,
953 2432 1091 2475 cuius
1117 2428 1344 2492 singulae
1369 2432 1715 2477 conversiones

224 2509 361 2556 idem
389 2510 611 2557 efficiunt
636 2512 688 2556 in
715 2509 902 2562 soleet
925 2512 979 2556 in
1005 2509 1124 2556 luna
1151 2517 1205 2557 et
1230 2513 1282 2556 in
1309 2513 1532 2574 quinque
1558 2509 1715 2558 stellis

225 2595 321 2643 206
