1919 3006
997 176 1250 225 CICERO

375 308 512 357 falsis
555 324 675 355 vera
716 306 952 362 differre3
1013 304 1135 352 nihil
1177 312 1285 353 tam
1327 321 1627 370 repugnare.
1697 305 1758 354 Id
1798 308 1871 353 ita

377 397 513 438 esset
538 393 578 437 si
603 406 693 436 nos
718 405 894 436 verum
919 390 1122 435 omnino
1147 386 1440 434 tolleremus
1463 402 1475 443 ;
1518 403 1620 434 non
1643 385 1871 444 facimus,

376 489 496 520 nam
527 479 635 519 tam
666 486 787 517 vera
818 486 971 533 quam
1003 467 1130 515 falsa
1161 471 1425 515 cernimus.
1494 466 1596 516 Sed
1625 469 1872 532 probandi

377 557 569 618 species
595 559 690 608 est,
714 551 1025 615 percipiendi
1049 554 1248 614 signum
1272 549 1465 597 nullum
1487 548 1748 598 habemus.

273 643 353 684 112
440 634 649 682 XXXV.
688 633 715 649 “
740 634 816 680 Ac
845 631 967 679 mihi
996 632 1168 679 videor
1197 634 1343 678 nimis
1374 635 1530 679 etiam
1558 649 1692 679 nunc
1721 648 1874 697 agere

377 720 561 764 ieiune,
631 714 761 762 Cum
810 717 876 761 sit
926 717 1061 761 enim
1111 730 1318 777 campus
1366 716 1420 760 in
1468 730 1569 777 quo
1619 713 1874 762 exsultare

378 801 537 863 possit
574 799 752 852 oratio,
789 812 876 842 cur
913 811 1027 842 eam
1063 802 1234 841 tantas
1270 798 1323 841 in
1360 798 1619 859 angustias
1656 802 1710 843 et
1746 794 1875 843 Stoi-

379 897 552 927 corum
599 878 811 926 dumeta
857 876 1245 939 compellimus?
1312 875 1364 923 Si
1411 879 1547 923 enim
1592 875 1714 923 mihi
1761 894 1876 925 cum

381 961 722 1024 Peripatetico
758 975 837 1005 res
875 965 1027 1013 esset,
1064 961 1151 1021 qui
1191 958 1243 1005 id
1273 961 1464 1022 percipi
1500 974 1647 1021 posse
1683 959 1877 1007 diceret

384 1042 554 1106 ‘quod
593 1044 893 1104 impressum
935 1046 1072 1086 esset
1113 1055 1141 1086 e
1182 1038 1335 1095 vero,'
1376 1055 1544 1103 neque
1592 1039 1876 1088 adhiberet¹

380 1124 517 1171 illam
543 1139 783 1187 magnam
811 1124 1166 1177 accessionem,
1194 1120 1203 1137 ‘
1230 1138 1329 1184 quo
1355 1121 1506 1169 modo
1532 1124 1750 1185 imprimi
1776 1139 1878 1170 non

381 1212 554 1270 posset
607 1220 635 1251 e
687 1202 847 1259 falso,'
901 1220 1016 1250 cum
1068 1202 1278 1266 simplici
1329 1202 1534 1250 homine
1586 1203 1879 1268 simpliciter

383 1303 589 1352 agerem
615 1301 709 1332 nec
734 1301 921 1348 magno
949 1300 1102 1347 opere
1129 1285 1510 1341 contenderem,
1538 1291 1694 1349 atque
1722 1288 1878 1333 etiam

382 1373 440 1425 si,
474 1385 590 1416 cum
624 1383 719 1431 ego
753 1365 876 1412 nihil
909 1367 1130 1413 dicerem
1162 1382 1310 1430 posse
1343 1367 1653 1430 comprendi,
1687 1367 1880 1415 diceret

379 1451 464 1498 ille
506 1452 791 1513 sapientem
831 1448 1089 1495 interdum
1131 1451 1341 1511 opinari,
1382 1465 1484 1496 non
1522 1464 1879 1513 repugnarem,

381 1534 683 1596 praesertim
714 1545 779 1577 ne
811 1529 1074 1577 Carneade
1106 1530 1313 1593 quidem
1342 1528 1459 1577 huic
1488 1529 1597 1577 loco
1627 1529 1774 1578 valde
1803 1547 1880 1578 re-

279 1622 358 1662 113
382 1620 683 1678 pugnante:
761 1628 894 1659 nunc
955 1612 1077 1675 quid
1136 1610 1304 1658 facere
1363 1612 1610 1675 possum?
1677 1611 1881 1671 Quaero

383 1699 519 1744 enim
562 1694 685 1758 quid
727 1696 794 1741 sit
837 1693 974 1757 quod
1016 1693 1309 1756 comprendi
1350 1696 1545 1756 possit;
1604 1694 1881 1757 respondet

381 1776 504 1826 mihi
545 1793 647 1824 non
689 1774 992 1823 Aristoteles
1037 1782 1126 1822 aut
1167 1773 1564 1839 Theophrastus,
1605 1791 1671 1823 ne
1711 1775 1881 1823 Xeno-

381 1866 546 1907 crates
576 1857 783 1921 quidem
813 1863 904 1904 aut
933 1855 1157 1912 Polemo,
1187 1857 1279 1904 sed
1307 1859 1394 1921 qui
1421 1859 1584 1904 minor
1614 1863 1711 1914 est,
1740 1855 1751 1874 ‘
1775 1856 1879 1905 tale

381 1957 556 1988 verum
603 1938 752 2002 quale
800 1936 982 1985 falsum
1030 1954 1139 1985 esse
1185 1954 1287 1985 non
1327 1937 1520 2001 possit.’
1589 1937 1725 1984 Nihil
1770 1942 1877 1987 eius

381 2022 518 2070 modi
550 2023 786 2076 inveni03
836 2023 1011 2083 itaque
1044 2022 1301 2084 incognito
1334 2022 1570 2066 nimirum
1603 2019 1876 2078 adsentiar,

381 2103 433 2151 id
466 2109 545 2150 est
577 2101 833 2164 opinabor.
903 2100 1014 2148 Hoc
1046 2099 1168 2147 mihi
1202 2108 1256 2148 et
1287 2100 1615 2164 Peripatetici
1643 2107 1698 2149 et
1729 2109 1876 2150 vetus

381 2184 659 2232 Academia
681 2182 931 2238 concedit,
955 2199 1041 2229 vos
1065 2185 1282 2246 negatis,
1306 2181 1587 2229 Antiochus
1610 2185 1663 2229 in
1685 2185 1875 2245 primis,

381 2268 467 2330 qui
494 2280 578 2311 me
606 2262 752 2311 valde
779 2270 970 2320 movet,
998 2263 1078 2310 vel
1106 2264 1242 2327 quod
1271 2267 1434 2310 amavi
1460 2262 1718 2311 hominem
1745 2267 1875 2312 sicut

672 2381 689 2406 ²
716 2379 861 2421 Reid:
895 2380 1091 2429 aderere‚
1114 2379 1355 2422 adhaerere
1375 2385 1451 2422 etc.
1472 2381 1597 2422 codd.

498 2546 516 2565 ‘²
547 2539 717 2591 Species
729 2540 989 2583 =d>av⁷affia.
1358 2537 1375 2563 ⁸
1408 2538 1492 2586 i.e.‚
1513 2537 1776 2580 Antiochus.

383 2604 479 2651 610
