1919 3006
952 225 1203 274 CICERO

334 356 485 404 modo
505 373 606 403 non
624 359 786 402 insani
805 357 895 403 sed
916 359 1072 403 etiam
1091 355 1244 404 fuisse
1265 360 1519 420 sapientes
1539 358 1822 407 videantur.

337 423 398 470 In
423 424 698 471 enodandis
725 430 899 470 autem
923 425 1207 471 nominibus
1234 425 1370 488 quod
1393 426 1734 473 miserandum
1758 428 1825 473 sit

336 491 574 538 laboratis
599 507 609 538 :
659 490 669 508 ‘
693 490 939 538 Saturnus
969 494 1089 554 quia
1117 507 1171 539 se
1202 499 1399 539 saturat
1429 496 1588 550 annis,
1620 493 1825 540 Mavors

337 562 455 622 quia
493 575 680 621 magna
718 561 889 614 vertit,
930 558 1164 605 Minerva
1203 563 1321 622 quia
1358 562 1542 608 minuit
1579 567 1669 608 aut
1707 563 1827 624 quia

335 629 573 682 minatur,
590 626 760 673 Venus
778 629 897 689 quia
912 629 1052 673 venit
1068 626 1134 673 ad
1149 630 1334 683 omnia,
1351 626 1503 674 Ceres
1521 644 1551 674 a
1565 626 1825 691 gerendo.'

337 693 502 751 Quam
521 692 800 756 periculosa
817 694 1129 740 consuetudo
1153 709 1164 750 3
1200 697 1252 740 in
1271 693 1442 741 multis
1463 698 1598 741 enim
1615 698 1828 741 nomini-

335 761 429 808 bus
475 759 784 808 haerebitis:
837 761 958 824 quid
998 760 1173 807 Veiovi
1206 760 1376 818 facies,
1411 762 1533 825 quid
1565 761 1827 809 Volcano?

337 845 645 891 quamquam
673 831 910 891 quoniam
938 827 1235 891 Neptunum
1263 846 1292 875 a
1318 830 1485 876 nando
1513 828 1827 893 appellatum

335 902 503 958 putas,
526 895 719 942 nullum
743 898 840 942 erit
861 912 1048 942 nornen
1071 896 1207 959 quod
1229 913 1328 942 non
1351 899 1509 959 possis
1531 913 1633 943 una
1653 896 1829 943 littera

339 962 589 1025 explicare
615 963 750 1010 unde
775 963 986 1009 ductum
1010 966 1075 1010 sit
1097 978 1109 1019 3
1151 966 1204 1009 in
1229 979 1328 1026 quo
1353 964 1560 1027 quidem
1583 967 1744 1027 magis
1768 970 1828 1010 tu

260 1038 313 1077 63
337 1030 459 1076 mihi
484 1037 662 1077 natare
688 1033 819 1077 visus
847 1046 898 1077 es
925 1047 1078 1094 quam
1102 1034 1210 1092 ipse
1237 1030 1521 1093 Neptunus.
1581 1030 1828 1095 Magnam

337 1097 622 1144 molestiam
662 1101 883 1160 suscepit
925 1104 978 1145 et
1017 1100 1225 1144 minime
1265 1101 1599 1145 necessariam
1637 1101 1828 1161 primus

338 1165 473 1212 Zeno
504 1172 621 1228 post
653 1164 925 1212 Cleanthes
958 1165 1143 1212 deinde
1176 1164 1502 1229 Chrysippus,
1533 1167 1829 1213 commenti-

337 1235 526 1279 ciarum
564 1231 850 1279 fabularum
890 1232 1104 1279 reddere
1145 1236 1412 1289 rationem,
1452 1232 1828 1280 vocabulorum²

336 1316 424 1346 cur
471 1301 695 1363 quidque
741 1303 816 1346 ita
863 1299 1175 1362 appellatum
1222 1303 1289 1347 sit
1335 1316 1509 1347 causas
1557 1300 1826 1363 explicare.

337 1366 487 1425 Quod
522 1384 637 1414 cum
672 1366 856 1423 facitis,
892 1367 1016 1414 illud
1050 1365 1279 1430 profecto
1315 1368 1642 1424 confitemini,
1676 1366 1828 1431 longe

337 1434 485 1481 aliter
509 1451 562 1482 se
587 1451 696 1482 rem
721 1433 911 1482 habere
938 1441 1094 1498 atque
1119 1433 1380 1481 hominum
1404 1437 1573 1498 opinio
1597 1437 1664 1482 sit
1685 1449 1698 1492 3
1741 1450 1827 1481 eos

337 1505 472 1548 enim
517 1505 603 1566 qui
648 1502 698 1549 di
744 1501 1065 1565 appellantur
1107 1518 1277 1549 rerum
1320 1509 1527 1550 naturas
1572 1517 1682 1550 esse
1725 1517 1828 1549 non

337 1570 521 1633 figuras
570 1570 795 1617 deorum.
877 1569 1036 1617 XXV.
1073 1568 1173 1628 Qui
1219 1576 1394 1617 tantus
1443 1586 1579 1617 error
1623 1568 1722 1616 fuit
1769 1575 1828 1616 ut

334 1640 623 1700 perniciosis
666 1640 822 1683 etiam
861 1637 1012 1684 rebus
1057 1654 1159 1684 non
1199 1638 1350 1684 modo
1390 1653 1577 1684 nomen
1617 1637 1827 1684 deorum

335 1705 647 1752 tribueretur
674 1705 765 1752 sed
793 1707 949 1751 etiam
976 1721 1117 1751 sacra
1142 1707 1607 1759 constituerentur3
1653 1703 1827 1750 Febris

335 1775 469 1818 enim
516 1770 690 1818 fanum
736 1775 789 1818 in
842 1771 1037 1820 Palatio
1089 1778 1142 1818 et
1182 1771 1449 1821 <Orbonae
1492 1771 1604 1820 ad>²
1646 1770 1827 1818 aedem

336 1838 523 1886 Larum
555 1846 609 1886 et
640 1855 779 1886 aram
813 1838 985 1886 Malae
1017 1839 1272 1886 Fortunae
1303 1837 1538 1903 Esquiliis
1568 1853 1830 1885 consecra-

257 1913 311 1954 64
334 1914 441 1953 tam
495 1907 737 1954 videmus.
826 1906 1002 1954 Omnis
1055 1909 1211 1970 igitur
1261 1905 1377 1953 talis
1431 1922 1461 1953 a
1514 1903 1831 1969 philosophia

334 1973 554 2037 pellatur
580 1990 716 2021 error
739 1980 798 2020 ut
822 1991 937 2020 cum
958 1974 1022 2021 de
1047 1974 1122 2021 dis
1142 1973 1493 2020 inmortalibus
1512 1973 1828 2035 disputemus

337 2042 560 2088 dicamus
579 2042 808 2105 indigna³
834 2042 909 2088 dis
933 2041 1300 2088 immortalibus
1320 2057 1332 2097 ;
1370 2039 1434 2087 de
1459 2040 1640 2104 quibus
1664 2037 1828 2086 habeo

335 2111 442 2170 ipse
485 2108 640 2171 quod*
676 2111 913 2165 sentiam,
953 2124 1056 2154 non
1102 2106 1269 2155 habeo
1315 2115 1489 2154 autem
1537 2106 1694 2171 quod⁴
1733 2107 1828 2153 tibi

339 2177 610 2224 adsentiar.
661 2175 960 2239 Neptunum
977 2191 1086 2223 esse
1105 2176 1226 2223 dicis
1243 2178 1468 2222 animum
1492 2189 1608 2222 cum
1631 2172 1830 2221 intelle-

782 2252 799 2277 ²
828 2251 1236 2303 vocabulorumque
1257 2251 1359 2291 dett.

733 2306 750 2331 ²
778 2306 881 2347 add.
904 2306 970 2347 ed.
992 2306 1281 2347 Bononiensis
1307 2307 1427 2345 1494.

515 2360 535 2387 ⁸
563 2359 750 2413 indigna
770 2360 853 2401 det.
873 2377 884 2401 ε
917 2359 1056 2412 digna
1075 2359 1130 2407 B,
1151 2363 1245 2399 cett.
1269 2359 1397 2399 valde
1418 2357 1629 2410 corrupti.

592 2413 733 2468 ⁴quod
764 2445 773 2455 .
806 2445 815 2455 .
848 2444 859 2456 .
889 2413 1010 2466 quod
1031 2413 1239 2454 Ernesti:
1273 2411 1380 2465 quid
1414 2443 1424 2453 .
1457 2443 1468 2454 .
1502 2442 1512 2451 .
1545 2409 1668 2464 quid.

401 2505 421 2525 ⁶
451 2500 536 2542 For
556 2500 642 2540 this
662 2499 751 2540 and
774 2498 848 2538 the
868 2497 1096 2549 following
1114 2495 1406 2549 etymologies
1425 2507 1497 2536 see
1517 2496 1560 2536 ii.
1582 2496 1726 2536 64-67.

402 2554 417 2578 ὓ
446 2555 509 2595 Or
531 2555 724 2607 perhaps
749 2557 757 2567 ⁶
777 2552 871 2592 find
895 2556 974 2592 out
995 2555 1070 2591 the
1090 2550 1338 2591 derivation
1363 2551 1423 2601 by
1445 2549 1521 2590 the
1542 2548 1657 2601 light
1677 2550 1729 2589 of
1744 2561 1829 2591 one

341 2609 493 2649 letter.‘

335 2672 429 2720 346
