1853 3001
885 174 1136 223 CICERO

262 309 560 354 continuata
586 313 770 353 natura
795 312 889 354 est.
959 304 1090 353 Nam
1118 322 1182 353 ex
1208 312 1347 354 terra
1372 322 1506 371 aqua
1531 322 1596 355 ex
1622 323 1754 371 aqua

261 391 421 436 oritur
448 393 537 435 aer
565 403 628 435 ex
658 392 777 434 aere
806 386 1001 444 aether,
1029 388 1213 435 deinde
1240 394 1514 435 retrorsum
1541 391 1755 436 vicissim

265 485 328 517 ex
372 468 580 516 aethere
625 473 729 525 aer,
765 469 885 516 inde
928 485 1076 533 aqua,
1121 485 1184 516 ex
1227 485 1360 533 aqua
1393 476 1531 516 terra
1564 469 1752 518 infima.

264 549 344 598 Sic
390 553 582 598 naturis
629 549 705 598 his
753 566 817 598 ex
864 551 1046 614 quibus
1094 553 1262 598 omnia
1306 557 1542 598 constant
1586 567 1754 599 sursus

265 632 472 680 deorsus
518 631 649 679 ultro
696 634 821 679 citro
867 632 1268 679 commeantibus
1313 633 1489 679 mundi
1533 635 1755 695 partium

187 719 241 763 85
264 716 550 761 coniunctio
606 716 910 760 continetur.
980 712 1126 772 Quae
1182 719 1272 760 aut
1326 716 1638 776 sempiterna
1690 715 1758 760 sit

263 811 471 842 necesse
509 801 588 842 est
624 793 719 842 hoc
757 795 937 842 eodem
975 801 1157 841 ornatu
1195 810 1347 858 quem
1384 795 1630 851 videmus,
1668 800 1759 842 aut

264 883 405 924 certe
454 876 806 940 perdiuturna‚
855 891 1159 939 permanens
1210 875 1275 923 ad
1323 874 1655 940 longinquum
1705 881 1758 922 et

263 960 550 1005 inmensum
577 973 743 1021 paene
770 964 990 1020 tempus.
1060 957 1287 1016 Quorum
1315 960 1560 1004 utrumvis
1589 963 1647 1004 ut
1674 959 1757 1013 sit,

263 1042 494 1103 sequitur
526 1046 709 1086 natura
740 1039 987 1086 mundum
1021 1039 1374 1086 administrari,
1443 1037 1588 1097 Quae
1622 1041 1757 1086 enim

263 1119 496 1168 classium
523 1123 780 1184 navigatio
807 1127 897 1168 aut
924 1136 1054 1183 quae
1081 1123 1345 1167 instructio
1373 1123 1624 1167 exercitus
1651 1125 1758 1175 aut,

263 1218 432 1249 rursus
469 1208 527 1249 ut
564 1217 625 1249 ea
661 1218 793 1265 quae
828 1208 1012 1248 natura
1058 1201 1209 1248 efficit
1255 1199 1589 1257 conferamus,
1625 1216 1757 1264 quae

265 1286 549 1348 procreatio
591 1286 705 1330 vitis
748 1289 838 1330 aut
879 1283 1086 1339 arboris,
1126 1298 1258 1346 quae
1297 1299 1446 1346 porro
1487 1285 1756 1329 animantis

265 1364 427 1429 figura
461 1363 895 1428 conformatioque
930 1364 1272 1411 membrorum
1308 1370 1508 1411 tantam
1543 1370 1757 1410 naturae

264 1445 540 1493 sollertiam
586 1446 838 1509 significat
882 1452 1127 1510 quantam
1171 1448 1279 1509 ipse
1323 1445 1583 1492 mundus?
1649 1444 1758 1491 Aut

263 1529 421 1591 igitur
455 1526 579 1574 nihil
616 1534 695 1574 est
730 1527 867 1591 quod
902 1530 1157 1574 sentiente
1193 1534 1376 1574 natura
1408 1533 1633 1590 regatur,
1668 1531 1758 1572 aut

186 1615 241 1656 86
263 1609 510 1657 mundum
534 1612 642 1673 regi
667 1608 1012 1656 confitendum
1038 1615 1130 1656 est.
1199 1607 1405 1655 Etenim
1431 1611 1515 1671 qui
1540 1606 1757 1670 reliquas

265 1697 472 1738 naturas
493 1706 668 1737 omnes
691 1706 967 1753 earumque
988 1692 1181 1737 semina
1200 1692 1460 1736 contineat
1480 1691 1565 1752 qui
1585 1694 1757 1751 potest

266 1774 375 1835 ipse
411 1788 512 1819 non
547 1778 730 1818 natura
767 1771 1146 1818 administrari?
1199 1777 1258 1818 ut
1291 1773 1332 1818 si
1367 1773 1453 1834 qui
1487 1771 1668 1817 dentes
1704 1775 1758 1816 et

266 1853 595 1916 pubertatem
649 1860 832 1900 natura
886 1853 1023 1900 dicat
1076 1855 1313 1908 existere,
1365 1854 1530 1915 ipsum
1584 1857 1758 1898 autem

264 1932 521 1982 hominem
557 1937 637 1981 cui
675 1950 736 1981 ea
772 1937 996 1981 existant
1030 1950 1132 1980 non
1166 1939 1398 1980 constare
1434 1939 1633 1987 natura,
1657 1947 1757 1979 non

263 2014 534 2079 intellegat
571 2031 632 2062 ea
656 2031 788 2078 quae
826 2013 1054 2062 ecferant
1089 2013 1278 2078 aliquid
1314 2029 1378 2061 ex
1414 2029 1524 2060 sese
1565 2011 1757 2076 perfec·

262 2100 416 2144 tiores
441 2096 629 2144 habere
655 2103 862 2143 naturas
888 2113 1040 2160 quam
1061 2112 1121 2143 ea
1140 2111 1274 2158 quae
1294 2111 1357 2142 ex
1374 2098 1432 2142 iis
1452 2093 1753 2142 ecferantur.

261 2177 499 2226 XXXIV.
537 2177 778 2226 Omnium
828 2185 1002 2224 autem
1050 2193 1218 2224 rerum
1257 2192 1387 2240 quae
1437 2183 1620 2222 natura
1667 2175 1754 2222 ad-

262 2262 612 2306 ministrantur
659 2261 934 2305 seminator
981 2263 1036 2306 et
1082 2264 1220 2304 sator
1267 2263 1322 2304 et
1367 2273 1549 2319 parens
1587 2262 1647 2303 ut
1678 2259 1753 2303 ita

263 2340 427 2388 dicam
454 2347 610 2403 atque
637 2340 878 2386 educator
904 2345 957 2386 et
983 2338 1112 2385 altor
1137 2345 1215 2385 est
1239 2338 1456 2385 mundus
1482 2340 1752 2400 omniaque

263 2423 393 2468 sicut
422 2421 652 2468 membra
683 2427 736 2468 et
766 2426 937 2483 partes
968 2435 1082 2467 suas
1113 2421 1394 2466 nutricatur
1424 2424 1479 2466 et
1507 2420 1751 2468 continet.

265 2596 363 2638 204
