1919 3006
881 164 1131 213 CICERO

256 303 456 344 constat
482 313 543 344 ex
563 297 1032 359 praetermittendis
1051 295 1395 360 voluptatibus
1420 299 1655 360 corporis,
1671 298 1748 345 cui

260 380 300 424 si
332 377 468 425 locus
499 380 552 424 in
587 376 726 424 caelo
763 384 858 433 est,
892 384 971 425 est
1003 381 1158 424 etiam
1191 378 1549 441 voluptatibus.
1619 378 1750 425 Nam

262 457 406 506 fortis
443 459 567 506 deus
603 458 832 522 intellegi
869 461 954 521 qui
989 459 1201 521 potest?
1254 462 1307 506 in
1342 458 1554 507 dolore?
1600 476 1666 506 an
1697 462 1750 507 in

264 539 434 586 labore
453 540 472 586 ?
516 556 580 586 an
599 543 650 586 in
673 538 895 602 periculo
914 541 932 586 ?
971 557 1184 604 quorum
1205 540 1357 587 deum
1377 539 1500 587 nihil
1524 543 1748 605 attingit.

188 627 242 666 39
267 620 373 667 Nec
407 624 603 668 ratione
639 624 795 684 igitur
835 627 1069 667 utentem
1111 638 1204 668 nec
1242 625 1430 669 virtute
1467 620 1569 669 ulla
1608 637 1753 685 prae-

266 702 430 748 ditum
453 703 605 749 deum
628 701 926 766 intellegere
951 705 1037 766 qui
1057 719 1321 765 possumus
1344 704 1362 749 ?

330 781 357 798 “
378 782 484 829 Nec
537 799 654 829 vero
707 783 840 847 volgi
893 790 1048 847 atque
1105 786 1453 846 imperitorum
1505 786 1755 831 inscitiam

267 864 527 926 despicere
561 881 782 927 possum,
817 881 931 911 cum
967 880 1028 911 ea
1061 865 1319 912 considero
1355 881 1485 928 quae
1520 866 1755 912 dicuntur

269 961 298 990 a
350 944 543 992 Stoicis.
631 945 760 993 Sunt
814 949 948 992 enim
999 945 1084 993 illa
1133 949 1514 1009 imperitorum:
1565 949 1755 1009 piscem

267 1024 378 1089 Syri
400 1034 723 1083 venerantur,
740 1043 889 1074 omne
904 1026 1011 1074 fere
1028 1044 1188 1090 genus
1209 1028 1489 1075 bestiarum
1510 1027 1755 1091 Aegyptii

267 1115 686 1155 consecraverunt
709 1124 720 1165 3
764 1111 866 1155 iam
892 1124 1009 1156 vero
1035 1112 1087 1155 in
1115 1109 1328 1156 Graecia
1352 1108 1538 1156 multos
1563 1106 1757 1155 habent

268 1204 332 1234 ex
365 1187 650 1236 hominibus
686 1189 823 1246 deos,
859 1189 1182 1237 Alabandum
1217 1189 1512 1247 Alabandis,
1545 1189 1756 1237 Tenedii

267 1268 495 1326 Tennen,
534 1269 881 1318 Leucotheam
919 1287 1049 1335 quae
1086 1270 1184 1318 fuit
1221 1271 1313 1319 Ino
1351 1278 1405 1319 et
1441 1274 1547 1318 eius
1584 1269 1758 1318 Palae·-

268 1367 473 1398 monem
526 1351 683 1399 filiurn
737 1359 921 1399 cuncta
971 1352 1200 1409 Graecia,
1248 1352 1522 1400 Herculem
1570 1352 1758 1400 Aescu-

269 1431 459 1495 lapium
528 1433 880 1498 Tyndaridas;
968 1433 1239 1481 Romulum
1307 1437 1466 1481 nostri
1535 1432 1759 1498 aliosque

269 1513 554 1576 compluris,
584 1531 708 1578 quos
738 1518 881 1579 quasi
910 1531 1063 1563 novos
1094 1522 1148 1562 et
1177 1516 1517 1578 adscripticios
1546 1517 1679 1562 cives
1706 1517 1759 1562 in

190 1599 246 1640 40
269 1594 465 1642 caelum
488 1603 720 1659 receptos
744 1603 945 1660 putant.
1013 1596 1151 1644 XVI.
1189 1596 1331 1644 Haec
1354 1599 1510 1661 igitur
1532 1596 1723 1644 indocti
1746 1610 1759 1653 ;

271 1677 394 1738 quid
419 1694 505 1724 vos
532 1676 852 1741 philosophi?
898 1680 984 1742 qui
1010 1677 1219 1726 meliora
1240 1678 1259 1725 ?
1305 1677 1504 1726 Omitto
1521 1676 1623 1733 illa,
1642 1684 1761 1724 sunt

272 1760 406 1803 enim
451 1759 739 1821 praeclara:
785 1762 851 1807 sit
892 1776 1014 1807 sane
1060 1760 1185 1807 deus
1230 1763 1338 1823 ipse
1383 1757 1761 1807 mundus—hoc

268 1839 419 1886 credo
442 1839 565 1888 illud
589 1857 698 1888 esse

443 1927 630 1968 sublime
650 1927 858 1976 candens,
880 1941 1015 1980 quem
1035 1929 1244 1969 invocant
1263 1940 1415 1968 omnes
1436 1926 1602 1969 Iovem.

270 2011 440 2071 Quare
457 2016 614 2077 igitur
635 2014 790 2077 pluris
810 2015 1128 2078 adiungimus
1154 2014 1274 2061 deos
1298 2014 1316 2061 ?
1360 2013 1567 2072 Quanta
1586 2020 1760 2060 autem

270 2100 349 2140 est
369 2110 542 2141 eorum
557 2095 832 2143 multitudo
852 2096 861 2142 !
920 2095 1050 2142 Mihi
1070 2096 1275 2159 quidem
1291 2111 1412 2142 sane
1427 2094 1574 2142 multi
1590 2095 1762 2142 viden-

270 2180 354 2221 tur
376 2191 388 2231 ;
442 2176 663 2240 singulas
691 2181 826 2224 enim
852 2177 1022 2224 stellas
1049 2193 1284 2224 numeras
1309 2176 1430 2223 deos
1458 2191 1644 2239 eosque
1671 2181 1761 2222 aut

272 2255 536 2304 beluarum
574 2261 777 2305 nomine
817 2258 1058 2322 appellas,
1096 2264 1155 2305 ut
1202 2257 1419 2320 Capram
1456 2263 1514 2304 ut
1561 2256 1760 2320 Nepam

334 2421 353 2441 ⁶
381 2416 475 2458 The
495 2417 749 2460 conclusion
770 2417 950 2471 implied
972 2420 1008 2459 is
1027 2418 1124 2458 that
1144 2431 1201 2458 no
1221 2416 1311 2470 god
1330 2418 1478 2459 exists.

341 2470 356 2494 ¹²
387 2472 614 2524 Atargatis
645 2486 693 2514 or
727 2473 913 2514 Derceto
944 2473 1158 2525 (Dagon),
1188 2485 1215 2512 a
1244 2472 1326 2512 fish
1357 2471 1459 2511 wilh
1490 2483 1518 2511 a
1546 2468 1758 2511 woman’s

275 2522 387 2573 face,
410 2526 688 2579 worshipped
709 2531 755 2568 at
775 2527 982 2568 Ascalon.

276 2593 372 2636 322
