1919 3006
956 178 1208 228 CICERO

333 312 476 372 quasi
513 312 811 356 contineant
848 324 1052 355 omnem
1088 307 1218 356 hanc
1256 312 1646 372 quaestionem:
1700 325 1832 373 quae

330 379 406 424 ita
425 376 693 424 videantur
713 383 772 423 ut
793 379 949 422 etiam
971 375 1069 422 alia
1090 376 1271 423 eodem
1290 377 1441 424 modo
1460 377 1620 424 videri
1637 380 1833 440 possint

333 460 427 491 nec
461 447 515 490 in
548 447 607 490 iis
644 446 914 507 quicquam
949 446 1167 499 intersit,
1203 460 1306 490 non
1339 460 1487 506 posse
1524 460 1698 492 eorum
1734 444 1832 491 alia

332 514 540 575 percipi,
569 510 666 557 alia
692 527 795 557 non
819 513 1007 573 percipi
1033 526 1044 566 3
1089 510 1211 557 nihil
1237 514 1484 558 interesse
1512 518 1703 568 autem,
1730 528 1832 558 non

333 579 484 625 modo
510 581 550 625 si
576 581 713 625 omni
739 594 803 624 ex
828 585 975 640 parte
1003 579 1230 625 eiusdem
1254 579 1392 625 modi
1417 582 1535 635 sint,
1560 579 1651 626 sed
1676 582 1832 626 etiam

334 649 374 692 si
408 646 623 693 discerni
656 662 757 692 non
789 648 997 708 possint.
1067 645 1262 704 Quibus
1295 649 1472 708 positis
1504 649 1652 693 unius
1686 663 1832 710 argu-

332 717 495 760 menti
532 712 849 759 conclusione
886 720 999 759 tota
1035 714 1099 760 ab
1135 717 1194 760 iis
1231 729 1383 760 causa
1418 714 1831 776 comprenditur3

333 784 613 843 composita
637 787 812 827 autem
838 796 899 826 ea
923 779 1172 827 conclusio
1198 784 1266 827 sic
1292 788 1371 828 est
1394 797 1405 827 ε
1449 780 1458 797 ‘
1483 781 1673 827 Eorum
1698 796 1831 844 quae

333 849 570 895 videntur
603 847 700 894 alia
731 864 851 894 vera
883 854 1019 903 sunt,
1053 847 1150 894 alia
1181 847 1342 904 falsa3
1394 855 1448 895 et
1480 848 1617 911 quod
1647 847 1830 895 falsum

334 923 413 962 est
436 915 489 962 id
511 918 701 978 percipi
725 932 827 962 non
849 922 1036 978 potest.
1097 915 1248 974 Quod
1273 922 1447 962 autem
1470 932 1646 962 verum
1669 918 1831 962 visum

334 990 413 1030 est
442 983 495 1030 id
525 999 674 1029 omne
705 982 808 1030 tale
841 990 919 1029 est
948 990 1007 1029 ut
1039 983 1265 1030 eiusdem
1295 983 1432 1030 modi
1461 982 1644 1029 falsum
1675 986 1831 1029 etiam

332 1054 492 1114 possit
520 1050 677 1097 videri
700 1066 711 1106 3
764 1057 818 1096 et
847 1066 978 1114 quae
1007 1054 1112 1097 visa
1140 1056 1276 1097 sunt1
1308 1053 1413 1097 eius
1441 1051 1578 1098 modi
1606 1057 1666 1097 ut
1691 1053 1746 1096 in
1771 1053 1830 1097 iis

333 1117 456 1164 nihil
501 1120 719 1173 intersit,
763 1134 864 1164 non
909 1124 1101 1180 potest²
1147 1118 1373 1165 accidere
1414 1125 1473 1165 ut
1517 1134 1691 1164 eorum
1734 1116 1832 1163 alia

332 1188 523 1248 percipi
553 1188 763 1248 possint,
797 1184 894 1231 alia
923 1202 1024 1232 non
1054 1188 1262 1248 possint.
1330 1184 1536 1231 Nullum
1565 1188 1721 1248 igitur
1752 1191 1831 1231 est

254 1262 307 1303 41
333 1256 494 1299 visum
523 1253 660 1315 quod
686 1255 876 1315 percipi
903 1252 1096 1315 possit.’
1159 1253 1304 1311 Quae
1334 1260 1508 1299 autem
1537 1259 1744 1299 sumunt
1771 1259 1831 1299 ut

333 1319 637 1367 concludant
671 1320 725 1367 id
761 1320 897 1383 quod
933 1320 1125 1376 volunt,
1164 1336 1227 1367 ex
1263 1319 1339 1366 his
1376 1320 1476 1367 duo
1513 1321 1606 1367 sibi
1641 1326 1830 1382 putant

333 1388 557 1443 concedi,
593 1403 761 1450 neque
799 1391 933 1434 enim
970 1391 1236 1451 quisquam
1270 1394 1559 1451 repugnat:
1614 1403 1676 1434 ea
1709 1393 1829 1433 sunt

332 1454 476 1510 haec,
511 1471 642 1518 quae
676 1458 781 1501 visa
813 1454 940 1501 falsa
973 1458 1090 1511 sint,
1126 1471 1187 1501 ea
1218 1458 1408 1518 percipi
1441 1471 1543 1502 non
1574 1470 1739 1517 posse,
1774 1461 1829 1501 et

333 1522 568 1578 alterum,
609 1525 742 1569 inter
784 1539 915 1585 quae
956 1526 1062 1569 visa
1102 1521 1224 1568 nihil
1264 1525 1482 1578 intersit,
1524 1538 1588 1568 ex
1627 1524 1686 1568 iis
1727 1537 1828 1568 non

332 1606 479 1653 posse
515 1589 612 1636 alia
644 1589 768 1636 talia
801 1606 911 1636 esse
946 1597 1004 1637 ut
1037 1593 1227 1653 percipi
1260 1593 1470 1652 possint,
1506 1588 1604 1635 alia
1636 1596 1694 1636 ut
1727 1605 1828 1635 non

331 1660 539 1720 possint.
611 1657 827 1720 Reliqua
862 1673 980 1704 vero
1016 1657 1179 1703 multa
1216 1665 1269 1704 et
1305 1660 1443 1703 varia
1478 1659 1705 1703 oratione
1741 1656 1828 1702 de-

332 1723 567 1780 fendunt,
593 1741 725 1788 quae
751 1731 869 1771 sunt
892 1728 1018 1771 item
1044 1725 1161 1780 duo,
1187 1741 1360 1780 unum,
1386 1740 1518 1787 quae
1542 1724 1828 1779 videantur,

333 1808 507 1839 eorum
533 1791 629 1838 alia
651 1808 771 1839 vera
795 1808 922 1847 esse,
948 1791 1044 1838 alia
1067 1791 1210 1848 falsa,
1236 1791 1469 1848 alterum,
1493 1807 1643 1838 omne
1667 1793 1828 1838 visum

492 1921 510 1946 ¹
539 1921 666 1962 edd.:
700 1923 787 1961 sint
807 1921 929 1962 codd.
1233 1920 1250 1945 ²
1280 1921 1408 1962 edd.:
1440 1933 1570 1974 posse
1588 1920 1711 1961 codd.

392 2067 548 2108 “Two
568 2067 733 2120 objects
753 2066 939 2119 entirely
957 2066 1090 2114 alike,
1114 2067 1176 2108 A‘
1197 2066 1287 2107 and
1307 2067 1375 2108 A*
1379 2070 1587 2119 ‚present
1607 2066 1682 2106 the
1703 2077 1826 2106 same

333 2134 689 2227 {fiffi‘ilssssssfigh
701 2121 790 2215 112³?
791 2125 930 2217 sse2‘1'1?
935 2121 1284 2227 ῙΣιῖμῖοεξῖἳεΐξ)
1268 2135 1284 2173 ³
1290 2119 1827 2227 ἓξὲῗέἲὲῖηδέἕὲῗζὲὲῗ

335 2229 435 2270 able
455 2230 515 2282 by
535 2230 609 2269 the
633 2242 802 2269 senses.
834 2229 883 2270 X
901 2229 991 2269 and
1022 2229 1062 2269 Y
1080 2229 1187 2269 both
1208 2234 1384 2280 present
1406 2229 1480 2269 the
1500 2241 1622 2269 same
1641 2240 1828 2281 appear-

335 2297 444 2324 ance
463 2298 504 2324 x.
553 2283 608 2323 W
611 2297 634 2323 e
654 2296 759 2335 may
778 2282 890 2323 have
908 2283 982 2323 the
1001 2242 1299 2335 presentatpion
1319 2297 1346 2323 ω
1365 2281 1453 2322 and
1477 2281 1609 2322 think
1629 2283 1663 2322 it
1679 2293 1827 2322 comes

334 2337 450 2378 from
478 2338 524 2378 X
546 2337 672 2377 when
692 2339 726 2377 it
744 2336 884 2388 really
901 2349 1048 2377 comes
1070 2337 1187 2377 from
1219 2336 1267 2384 Y,
1289 2337 1338 2377 X
1353 2340 1432 2377 not
1455 2336 1590 2387 being
1608 2335 1754 2376 there.
1781 2337 1827 2375 in

336 2391 422 2431 this
441 2404 541 2431 case
561 2404 625 2431 we
645 2390 702 2432 do
717 2395 795 2431 not
810 2392 1006 2442 perceive
1026 2391 1085 2431 X.
1135 2390 1372 2431 Therefore
1390 2390 1518 2430 when
1539 2403 1603 2430 we
1623 2389 1734 2430 have
1753 2389 1828 2428 the

337 2447 637 2497 presentation
661 2458 689 2485 x
714 2444 804 2484 and
832 2444 961 2484 think
991 2446 1023 2484 it
1045 2458 1192 2484 comes
1217 2444 1332 2484 from
1356 2444 1407 2485 X
1430 2443 1519 2484 and
1548 2443 1598 2484 X
1622 2444 1660 2483 is
1688 2443 1825 2490 there,

337 2513 402 2539 we
429 2502 594 2592 cannpt
620 2497 676 2539 be
703 2498 799 2539 said
828 2502 874 2539 to
897 2499 1093 2551 perceive
1121 2498 1180 2539 X.
1242 2497 1479 2538 Therefore
1506 2498 1762 2550 perception
1790 2497 1825 2537 is
1918 2533 1919 2547 ,

334 2553 547 2604 impossib
566 2566 604 2594 e.
1917 2569 1919 2680 1

335 2623 430 2663 518
