1919 3006
971 188 1223 237 CICERO

349 339 488 371 mum
514 320 794 383 perlucidas
819 318 942 366 fecit
971 326 1028 367 ut
1059 335 1150 382 per
1180 335 1264 367 eas
1295 323 1431 366 cerni
1460 327 1649 383 posset,
1675 321 1841 370 firmas

352 405 524 444 autem
557 401 614 440 ut
647 395 1017 446 continerent13
1063 392 1153 439 sed
1185 391 1398 439 lubricos
1432 392 1598 440 oculos
1631 392 1753 441 fecit
1786 400 1842 442 et

348 468 576 523 mobiles,
607 473 665 513 ut
697 473 750 512 et
780 465 1092 512 declinarent
1122 468 1162 511 si
1194 465 1315 528 quid
1344 473 1552 513 noceret
1582 473 1637 513 et
1667 483 1839 530 aspec-

348 553 459 593 tum
490 560 588 607 quo
618 540 807 588 vellent
836 539 982 587 facile
1013 546 1403 596 converterent3
1458 544 1692 605 aciesque
1727 545 1836 605 ipsa

348 636 448 684 qua
476 620 741 672 cernimus,
771 631 901 679 quae
929 614 1119 677 pupula
1146 622 1370 671 vocatur,
1390 618 1465 662 ita
1490 633 1646 678 parva
1674 624 1752 664 est
1780 624 1839 665 ut

349 710 410 740 ea
453 707 583 755 quae
620 704 801 735 nocere
844 691 1038 751 possint
1080 687 1226 734 facile
1263 692 1410 745 vitet,
1445 689 1841 754 palpebraeque,

348 783 479 832 quae
509 773 627 813 sunt
655 770 923 827 tegmenta
952 762 1225 818 oculorum,
1254 763 1576 811 mollissimae
1603 771 1748 812 tactu
1776 780 1841 812 ne

346 841 610 888 laederent
639 840 816 892 aciem,
847 839 1105 898 aptissime
1134 835 1323 882 factae²
1354 844 1407 883 et
1435 837 1501 884 ad
1533 836 1840 885 claudendas

346 913 558 978 pupulas
595 928 660 958 ne
698 911 818 974 quid
856 910 1102 956 incideret
1140 916 1194 956 et
1230 910 1295 956 ad
1332 910 1648 972 aperiendas,
1684 911 1839 974 idque

345 986 562 1050 providit
585 991 643 1031 ut
666 983 949 1030 identidem
969 982 1075 1028 fieri
1099 989 1271 1044 posset
1291 999 1406 1028 cum
1424 985 1647 1029 maxima
1665 982 1840 1030 celeri-

243 1071 318 1109 143
347 1069 470 1109 tate.
556 1059 893 1121 Munitaeque
930 1064 1049 1104 sunt
1095 1056 1370 1119 palpebrae
1406 1065 1671 1121 tamquam
1707 1057 1838 1105 vallo

343 1136 574 1200 pilorum,
614 1134 794 1197 quibus
836 1139 889 1179 et
929 1135 1115 1194 apertis
1156 1131 1308 1179 oculis
1348 1135 1388 1179 si
1428 1132 1551 1196 quid
1587 1133 1836 1180 incideret

341 1207 674 1271 repelleretur
713 1212 766 1252 et
805 1222 978 1252 somno
1019 1205 1384 1261 coniventibus,
1423 1222 1537 1252 eum
1576 1204 1729 1252 oculis
1769 1205 1832 1252 ad

342 1281 650 1330 cernendum
670 1296 770 1325 non
792 1277 1129 1342 egeremuS,†³
1153 1285 1210 1324 ut
1232 1281 1317 1341 qui
1339 1285 1603 1342 tamquam
1620 1278 1831 1326 involuti

341 1360 674 1421 quiescerent.
760 1352 949 1399 Latent
985 1359 1253 1414 praeterea
1290 1351 1483 1399 utiliter
1525 1359 1580 1400 et
1621 1351 1831 1400 excelsis

340 1430 563 1492 undique
578 1427 806 1490 partibus
822 1429 1119 1487 saepiuntur
1143 1440 1155 1480 ;
1187 1428 1408 1487 primum
1424 1428 1558 1472 enim
1572 1429 1832 1489 superiora

339 1502 612 1566 superciliis
653 1501 874 1548 obducta
907 1501 1142 1547 sudorem
1179 1516 1207 1546 a
1245 1503 1411 1562 capite
1450 1507 1502 1548 et
1538 1499 1705 1548 fronte
1743 1501 1830 1548 de-

337 1579 583 1625 fluentem
607 1575 860 1639 repellunt
885 1591 896 1631 ;
931 1591 1096 1639 genae
1121 1574 1306 1622 deinde
1332 1575 1396 1621 ab
1421 1573 1656 1622 inferiore
1680 1582 1828 1638 parte

335 1658 571 1699 tutantur
599 1650 858 1696 subiectae
889 1648 1172 1711 leniterque
1207 1650 1490 1695 eminentes
1514 1663 1526 1704 ;
1574 1664 1827 1711 nasusque

335 1728 406 1771 ita
433 1723 625 1770 locatus
654 1729 732 1768 est
760 1729 816 1768 ut
845 1725 986 1784 quasi
1013 1737 1184 1767 murus
1213 1720 1365 1767 oculis
1393 1724 1688 1768 interiectus
1717 1737 1826 1768 esse

232 1806 310 1844 144
337 1799 580 1845 videatur.
652 1797 870 1842 Auditus
908 1802 1081 1842 autem
1115 1811 1315 1857 semper
1349 1802 1513 1857 patet,
1549 1798 1655 1842 eius
1691 1799 1825 1842 enim

333 1888 482 1918 sensu
507 1874 660 1917 etiam
684 1871 992 1917 dormientes
1017 1885 1242 1933 egemus,
1265 1885 1295 1914 a
1317 1885 1416 1931 quo
1438 1885 1553 1915 cum
1573 1885 1722 1915 sonus
1747 1876 1826 1916 est

334 1952 569 2007 acceptus
599 1947 754 1990 etiam
783 1960 810 1990 e
837 1960 1011 1990 somno
1039 1946 1333 1989 excitamur.
1397 1942 1700 1989 Flexuosum
1727 1945 1826 1988 iter

334 2018 505 2073 habet,
535 2034 596 2063 ne
626 2018 745 2079 quid
773 2021 960 2062 intrare
989 2019 1145 2078 possit
1172 2019 1212 2062 si
1239 2015 1452 2078 simplex
1479 2022 1534 2063 et
1559 2015 1822 2062 derectum

330 2097 532 2153 pateret
557 2105 568 2144 3
617 2093 867 2151 provisum
901 2092 1054 2134 etiarn
1086 2095 1143 2135 ut
1172 2091 1212 2135 si
1242 2104 1343 2151 qua
1372 2090 1579 2133 minima
1607 2087 1823 2134 bestiola

579 2233 595 2256 ¹
626 2233 897 2271 continerent
921 2229 1186 2270 Lambinu3=
1225 2231 1564 2270 continerentur.

617 2285 632 2308 ²
665 2289 706 2325 et
728 2287 981 2336 aptissimae
1003 2285 1144 2324 factae
1166 2287 1268 2323 sunt
1295 2282 1526 2334 Heindorf.

618 2340 633 2363 ³
666 2339 802 2378 locum
823 2343 1075 2389 corruptum
1097 2338 1192 2377 edd.
1217 2337 1337 2376 varie
1355 2341 1527 2377 sanant.

300 2432 461 2440 ἣ...-.

376 2493 392 2510 ‘²
425 2486 567 2538 Ρυρα,
595 2489 705 2535 κόρη,
728 2498 777 2525 so
803 2484 942 2525 called
972 2484 1086 2525 from
1115 2486 1167 2525 its
1199 2484 1424 2536 reflecting
1454 2496 1481 2524 a
1509 2482 1637 2524 small
1667 2485 1814 2536 image

319 2541 410 2581 osa
433 2553 587 2592 person
610 2540 709 2580 who
729 2538 855 2580 looks
877 2541 967 2580 into
989 2540 1035 2580 it.

331 2604 425 2651 200
