1919 3006
951 214 1203 262 CICERO

328 342 541 390 convelli
569 345 766 388 ratione
795 358 897 388 non
924 349 1115 404 posset,
1144 345 1426 398 scientiam,
1455 344 1532 388 sin
1561 341 1725 398 aliter,
1751 345 1826 389 in·

329 413 593 457 scientiam
615 409 929 465 nominabat,
954 424 1018 455 ex
1042 425 1142 472 qua
1167 412 1436 455 exsisteret
1461 412 1617 455 etiam
1639 412 1825 472 opinio,

330 493 462 541 quae
490 483 625 524 esset
651 476 903 523 imbecilla
931 483 985 523 et
1012 493 1126 523 cum
1152 475 1278 522 falso
1305 480 1665 540 incognitoque
1692 493 1825 523 com-

251 556 304 596 42
330 548 509 592 munis.
592 543 694 590 Sed
740 547 875 590 inter
923 546 1188 589 scientiam
1234 551 1287 590 et
1329 547 1648 590 inscientiam
1691 560 1825 591 com-

328 612 716 676 prehensionem
753 610 887 658 illam
933 627 1087 673 quam
1130 611 1234 658 dixi
1271 610 1567 667 collocabat,
1606 627 1822 674 eamque

329 696 497 743 neque
521 682 573 725 in
591 682 741 725 rectis
766 694 934 740 neque
953 681 1006 724 in
1029 681 1193 740 pravis
1219 679 1523 725 numerabat
1546 678 1638 725 sed
1662 678 1821 725 solum

331 751 395 793 ei1
426 746 736 793 credendum
767 761 877 792 esse
906 745 1125 792 dicebat.
1193 745 1238 791 E
1271 762 1371 808 quo
1403 746 1631 792 sensibus
1667 749 1823 792 etiam

328 815 482 861 fidem
514 814 793 868 tribuebat,
827 813 981 875 quod,
1014 820 1073 859 ut
1106 829 1257 874 supra
1289 813 1411 868 dixi,
1445 811 1826 875 comprehensio

327 880 466 928 facta
484 881 711 928 sensibus
735 887 788 926 et
807 896 927 926 vera
948 896 1057 926 esse
1077 880 1146 925 illi
1168 887 1221 926 et
1241 879 1401 926 fidelis
1421 880 1705 936 videbatur,
1725 897 1827 926 non

328 949 466 1012 quod
496 951 664 995 omnia
696 963 827 1010 quae
861 955 1031 994 essent
1061 950 1115 993 in
1143 963 1198 993 re
1231 946 1704 1009 comprehenderet,
1735 947 1826 994 sed

328 1019 447 1079 quia
485 1014 607 1062 nihil
647 1015 783 1078 quod
823 1015 1004 1061 cadere
1043 1017 1095 1060 in
1135 1030 1248 1060 eam
1287 1022 1460 1077 posset
1496 1015 1826 1078 relinqueret,

328 1084 566 1146 quodque
608 1090 791 1128 natura
833 1085 976 1145 quasi
1029 1098 1257 1128 normam
1299 1084 1541 1128 scientiae
1592 1089 1646 1128 et
1693 1085 1828 1145 prin-

328 1154 514 1213 cipium
551 1153 626 1196 sui
663 1150 889 1196 dedisset
917 1149 1053 1195 unde
1089 1156 1270 1212 postea
1304 1153 1536 1196 notiones
1571 1165 1741 1196 rerum
1774 1152 1828 1195 in

329 1221 507 1264 animis
537 1221 965 1279 imprimerentur,
996 1232 1024 1262 e
1054 1217 1234 1279 quibus
1265 1233 1366 1263 non
1393 1219 1639 1279 principia
1667 1216 1827 1263 solum

328 1286 419 1332 sed
452 1285 655 1331 latiores
691 1284 944 1347 quaedam
971 1284 1035 1331 ad
1059 1287 1310 1330 rationem
1333 1284 1690 1330 inveniendam
1714 1287 1825 1330 viae

328 1356 686 1415 aperirentur.2
753 1352 989 1397 Eri-orem
1046 1358 1218 1397 autem
1269 1357 1322 1397 et
1376 1354 1727 1398 temeritatem
1775 1357 1829 1397 et

328 1423 668 1481 ignorantiam
702 1425 756 1465 et
789 1422 1134 1481 opinationem
1168 1425 1222 1465 et
1254 1421 1607 1481 suspicionem,
1640 1425 1695 1465 et
1726 1434 1827 1464 uno

329 1491 532 1534 nomine
555 1489 723 1533 omnia
745 1502 877 1549 quae
901 1493 1072 1532 essent
1094 1486 1258 1532 aliena
1279 1486 1453 1532 firmae
1477 1493 1531 1532 et
1550 1488 1828 1532 constantis

329 1555 657 1609 adsensionis,
689 1570 719 1599 a
749 1556 939 1600 virtute
970 1556 1324 1616 sapientiaque
1354 1553 1666 1600 removebat.
1735 1554 1829 1599 At-

327 1638 427 1684 que
453 1625 506 1668 in
536 1620 612 1667 his
632 1620 740 1668 fere
765 1623 1096 1667 commutatio
1121 1623 1351 1667 constitit
1376 1623 1536 1667 omnis
1562 1621 1826 1668 dissensio-

329 1705 429 1752 que
453 1689 667 1735 Zenonis
693 1705 723 1734 a
746 1685 1138 1750 superioribus,’'

248 1766 303 1805 43
392 1756 512 1802 XII.
550 1755 695 1814 Quae
729 1772 844 1801 cum
873 1756 1102 1810 dixisset,
1127 1753 1410 1801 “Breviter
1445 1770 1567 1800 sane
1598 1756 1828 1800 minime-

330 1839 431 1886 que
457 1824 668 1869 obscure
696 1826 927 1884 exposita
958 1821 1087 1878 est,’'
1114 1825 1340 1884 inquam,
1367 1820 1394 1837 “
1421 1838 1450 1868 a
1474 1828 1548 1878 te,
1572 1821 1748 1877 Varro,
1775 1827 1829 1868 et

326 1893 511 1937 veteris
542 1890 852 1937 Academiae
885 1893 1015 1936 ratio
1051 1895 1105 1936 et
1138 1888 1455 1944 Stoicorum3
1506 1904 1682 1935 verum
1717 1903 1827 1935 esse

327 1965 502 2004 autem
524 1958 754 2013 arbitror,
775 1964 834 2004 ut
855 1956 1107 2003 Antiocho
1129 1963 1300 2003 nostro
1319 1955 1553 2002 familiari
1572 1955 1826 2019 placebat,

327 2028 692 2072 correctionem
718 2027 904 2071 veteris
931 2025 1241 2071 Academiae
1267 2027 1436 2087 potius
1464 2039 1618 2086 quam
1643 2039 1826 2070 novam

328 2093 549 2155 aliquam
566 2092 879 2154 disciplinam
895 2090 1229 2154 putandam.''
1297 2091 1426 2138 Tum
1441 2090 1617 2146 Varro,
1633 2088 1661 2106 “
1686 2089 1826 2136 Tuae

328 2167 447 2206 sunt
464 2176 596 2206 nunc
611 2158 835 2222 partes,''
853 2162 1036 2221 inquit,
1053 2158 1080 2174 ‘⁶
1107 2161 1193 2221 qui
1209 2158 1273 2204 ab
1291 2161 1614 2221 antiquorum
1628 2160 1826 2203 ratione

329 2227 560 2275 desciscis
589 2233 643 2274 et
672 2243 733 2273 ea
761 2242 892 2289 quae
922 2227 985 2272 ab
1013 2225 1239 2272 Arcesila
1265 2232 1452 2272 novata
1479 2231 1599 2272 sunt
1624 2224 1824 2288 probaS,

709 2344 725 2369 ¹
754 2344 896 2385 solum
919 2345 959 2385 ei
984 2343 1161 2385 Christ:
1193 2342 1275 2384 soli
1293 2343 1417 2385 codd.

721 2398 738 2423 ²
765 2398 959 2439 Davies:
989 2399 1266 2451 reperiuntur
1284 2398 1407 2438 codd.

540 2529 560 2549 ⁰
587 2524 682 2565 The
702 2538 795 2564 mss,
817 2526 916 2576 give
940 2524 948 2539 ‘
969 2524 1066 2563 that
1086 2525 1117 2563 it
1137 2522 1265 2563 alone
1285 2536 1375 2563 was
1393 2521 1618 2565 credible.’

671 2578 688 2604 ⁶
719 2580 760 2619 A
783 2578 1042 2618 translation
1064 2577 1114 2618 of
1130 2581 1298 2627 ’γνώμων
1321 2591 1370 2618 or
1391 2579 1536 2619 κανών.

339 2647 434 2691 450
