1919 3006
969 221 1221 271 CICERO

345 367 492 415 posse
530 350 788 398 hominem
827 350 950 398 nihil
988 355 1198 415 opinari,
1237 369 1331 399 nec
1371 351 1531 400 solum
1568 369 1717 416 posse
1755 352 1843 402 sed

344 465 418 509 ita
438 479 644 510 necesse
668 480 777 510 esse
800 466 1017 526 sapienti
1036 479 1048 519 ;
1084 467 1189 511 visa
1211 471 1289 511 est
1318 464 1573 512 Arcesilae
1593 482 1708 512 cum
1727 481 1843 512 vera

345 577 603 621 sententia
627 581 738 621 turn
763 574 980 622 honesta
1006 582 1059 622 et
1085 576 1240 639 digna
1264 579 1511 638 sapiente.
1582 576 1845 635 Quaesivit

346 686 409 732 de
427 685 630 732 Zenone
647 684 861 733 fortasse
881 687 1002 749 quid
1019 685 1247 733 futurum
1266 694 1403 734 esset
1419 690 1459 734 si
1475 703 1570 734 nec
1584 691 1845 751 percipere

347 800 618 860 quicquam
645 805 818 861 posset
848 801 1047 861 sapiens
1077 814 1170 845 nec
1199 801 1392 861 opinari
1421 802 1663 862 sapientis
1693 805 1843 846 esset.

348 909 457 965 Ille,
503 910 670 965 credo,
710 909 832 956 nihil
877 914 1200 973 opinaturum
1249 914 1487 974 quoniam
1532 919 1667 959 esset
1710 912 1844 975 quod

346 1025 535 1084 percipi
565 1029 751 1084 posset.
824 1022 960 1081 Quid
986 1040 1106 1087 ergo
1131 1024 1183 1070 id
1215 1031 1351 1070 esset
1374 1024 1393 1070 ?
1460 1024 1652 1080 Visum,
1677 1024 1843 1071 credo.

348 1133 510 1191 Quale
537 1137 692 1198 igitur
720 1138 880 1181 visum
904 1136 923 1182 ?
989 1135 1119 1182 Tum
1146 1135 1284 1182 illum
1312 1139 1387 1182 ita
1413 1136 1666 1192 definisse,
1694 1152 1758 1182 ex
1785 1152 1846 1183 eo

347 1246 482 1308 quod
521 1254 672 1302 esset,
711 1250 840 1294 sicut
879 1255 1031 1304 esset,
1068 1251 1369 1311 impressum
1408 1255 1462 1295 et
1498 1251 1755 1312 signatum
1791 1255 1846 1295 et

345 1357 580 1404 effictum.
650 1358 773 1406 Post
800 1362 1117 1422 requisitum,
1144 1363 1367 1406 etiamne
1391 1363 1431 1406 si
1457 1360 1683 1407 eiusdem
1710 1360 1845 1407 modi

348 1476 482 1516 esset
508 1473 669 1517 visum
696 1487 871 1517 verum
908 1471 1057 1534 quale
1085 1471 1164 1518 vel
1200 1470 1397 1518 falsum.
1467 1472 1564 1518 Hic
1590 1472 1846 1519 Zenonem

348 1582 528 1628 vidisse
557 1590 705 1629 acute
732 1582 926 1629 nullum
955 1599 1063 1630 esse
1091 1587 1252 1630 visum
1279 1584 1416 1646 quod
1441 1586 1630 1647 percipi
1656 1590 1846 1647 posset,

347 1696 386 1739 si
409 1694 462 1740 id
484 1693 587 1740 tale
613 1702 749 1742 esset
773 1696 835 1741 ab
861 1711 921 1741 eo
945 1696 1081 1758 quod
1105 1703 1183 1742 est
1206 1702 1264 1742 ut
1288 1696 1515 1742 eiusdem
1537 1696 1675 1743 modi
1698 1696 1762 1742 ab
1786 1711 1846 1742 eo

347 1806 483 1868 quod
508 1823 609 1853 non
635 1814 714 1853 est
738 1814 911 1869 posset
938 1823 1062 1854 esse.
1133 1807 1293 1854 Recte
1318 1810 1573 1855 consensit
1597 1807 1845 1854 Arcesilas

348 1918 413 1966 ad
442 1918 790 1965 definitionem
822 1919 1069 1974 additum,
1090 1935 1258 1982 neque
1289 1922 1426 1965 enim
1455 1918 1637 1966 falsum
1656 1921 1846 1983 percipi

347 2046 494 2093 posse
530 2046 698 2094 neque
734 2047 908 2077 verum
943 2034 983 2077 si
1020 2038 1156 2078 esset
1190 2030 1294 2078 tale
1329 2030 1479 2094 quale
1514 2030 1595 2078 vel
1628 2029 1847 2088 falsum3
1918 2084 1919 2093 ἵ

347 2143 576 2189 incubuit
596 2149 770 2189 autem
787 2145 839 2188 in
859 2159 943 2190 eas
963 2143 1333 2206 disputationes
1352 2149 1411 2190 ut
1429 2142 1636 2190 doceret
1653 2142 1843 2190 nullum

348 2253 451 2300 tale
479 2270 588 2301 esse
616 2256 776 2301 visum
804 2271 834 2301 a
859 2271 977 2301 vero
1005 2261 1063 2301 ut
1089 2271 1189 2301 non
1217 2254 1443 2300 eiusdem
1470 2254 1607 2301 modi
1634 2257 1790 2301 etiam
1817 2269 1845 2300 a

269 2371 323 2412 78
348 2365 471 2412 falso
491 2369 650 2428 possit
671 2382 795 2413 esse.
867 2366 1008 2412 Haec
1030 2372 1109 2412 est
1129 2382 1230 2412 una
1249 2369 1509 2413 contentio
1529 2381 1661 2429 quae
1682 2364 1845 2413 adhue

347 2480 697 2540 permanserit.
768 2477 899 2524 Nam
932 2475 1073 2533 illud,
1106 2476 1228 2523 nulli
1260 2479 1335 2524 rei
1369 2477 1699 2524 adsensurum
1733 2493 1843 2525 esse

357 2646 453 2695 564
