1853 3001
895 229 1147 278 CICERO

275 359 429 419 Quid,
477 361 725 408 mundum
771 367 977 423 praeter
1023 359 1157 406 hunc
1204 376 1514 424 umquamne
1560 359 1772 408 vidisti?

277 427 517 491 Negabis.
588 428 689 475 Cur
722 431 878 491 igitur
911 444 1012 474 non
1047 435 1279 474 sescenta
1312 427 1450 474 milia
1484 443 1593 475 esse
1627 444 1771 473 mun·

278 496 455 543 dorum
491 496 580 542 sed
614 494 1001 541 innumerabilia
1035 511 1184 541 ausus
1220 511 1273 542 es
1308 495 1517 542 dicere?
1586 493 1596 511 ‘
1620 494 1770 542 Ratio

278 562 484 609 docuit.’
550 563 686 626 Ergo
719 561 812 609 hoc
844 569 899 609 te
931 565 1060 608 ratio
1093 579 1194 609 non
1227 562 1448 618 docebit,
1479 579 1594 609 cum
1625 577 1770 624 prae-

277 632 587 676 stantissima
608 637 791 676 natura
812 636 1087 693 quaeratur
1108 645 1270 692 eaque
1291 629 1446 676 beata
1467 635 1521 676 et
1541 636 1769 684 aeterna,

276 713 409 760 quae
425 696 529 744 sola
544 697 712 744 divina
731 703 914 744 natura
931 703 1025 752 est,
1037 703 1095 743 ut
1109 696 1475 743 inmortalitate
1491 699 1768 743 vincamur¹

277 765 342 811 ab
380 780 440 810 ea
475 771 658 811 natura
693 767 761 811 sic
798 767 951 810 animi
986 767 1300 826 praestantia
1335 766 1482 820 vinci,
1519 770 1675 827 atque
1710 768 1770 810 ut

279 834 431 877 animi
463 834 589 878 item
614 832 869 894 corporis?
939 830 1040 878 Cur
1066 834 1223 895 igitur
1258 848 1373 878 cum
1408 833 1591 878 ceteris
1617 830 1769 877 rebus

276 896 536 945 inferiores
567 902 720 945 simus
750 897 911 945 forma
940 915 1087 961 pares
1118 915 1288 945 sumus
1312 899 1331 945 ?
1393 898 1459 946 ad
1488 897 1771 945 similitudi-

277 981 396 1012 nem
425 969 560 1012 enim
589 966 799 1013 deorum
826 969 1030 1028 propius
1060 966 1337 1013 accedebat
1363 963 1587 1012 humana
1613 967 1770 1011 virtus

200 1037 255 1079 97
280 1048 433 1096 quam
451 1033 625 1096 figura.
675 1033 885 1080 XXXV.
912 1034 1036 1099 [2An
1058 1036 1329 1096 quicquam
1344 1039 1452 1079 tam
1466 1031 1659 1096 puerile
1675 1032 1772 1079 dici

277 1107 451 1163 potest
483 1100 562 1163 (ut
598 1101 816 1148 eundem
853 1100 1018 1147 locum
1054 1101 1242 1148 diutius
1279 1099 1508 1164 urgeam)
1546 1115 1699 1163 quam
1731 1101 1772 1146 si

280 1183 342 1213 ea
383 1183 574 1231 genera
617 1167 881 1215 beluarum
927 1184 1057 1230 quae
1101 1171 1154 1214 in
1196 1168 1347 1214 rubro
1391 1170 1518 1213 mari
1563 1167 1772 1214 Indiave

279 1237 580 1298 gignuntur³
614 1234 752 1281 nulla
785 1252 893 1282 esse
927 1235 1194 1282 dicamus?
1260 1235 1421 1298 Atqui
1452 1250 1516 1281 ne
1549 1236 1774 1281 curiosis-

281 1304 391 1348 simi
424 1303 630 1365 quidem
661 1301 889 1349 homines
923 1303 1234 1366 exquirendo
1267 1303 1441 1349 audire
1472 1308 1581 1348 tam
1610 1299 1774 1347 multa

279 1376 491 1431 possunt
518 1386 671 1433 quam
697 1378 816 1416 sunt
841 1369 1004 1416 multa
1031 1386 1162 1433 quae
1189 1376 1327 1416 terra
1351 1372 1479 1416 mari
1504 1368 1773 1432 paludibus

280 1435 568 1483 fluminibus
595 1440 846 1484 exsistunt
868 1453 880 1494 3
924 1453 1054 1501 quae
1080 1453 1325 1501 negemus
1352 1452 1461 1484 esse
1487 1439 1606 1500 quia
1628 1451 1774 1482 num-

281 1519 434 1567 quam
457 1505 670 1551 vidimus
691 1503 722 1567 l]

348 1570 375 1586 “
396 1570 514 1633 Ipsa
545 1588 663 1618 vero
696 1588 849 1635 quam
881 1570 1004 1617 nihil
1035 1571 1098 1618 ad
1130 1587 1238 1618 rem
1269 1573 1496 1633 pertinet
1528 1585 1659 1634 quae
1688 1584 1776 1616 vos

281 1637 506 1685 delectat
554 1642 776 1686 maxime
825 1638 1133 1686 similitudo!
1218 1638 1371 1697 Quid,
1421 1640 1557 1684 canis
1607 1651 1775 1684 nonne

281 1705 453 1752 similis
476 1705 594 1769 lupo
617 1707 878 1770 ?—-atque‚
903 1713 961 1753 ut
986 1706 1196 1762 Ennius,

461 1825 590 1865 simia
610 1838 747 1877 quam
769 1824 922 1866 similis
943 1826 1215 1876 turpissuma
1235 1823 1376 1864 bestia
1398 1823 1526 1864 nobis
1540 1825 1609 1864 !—

283 1934 338 1976 at
366 1945 530 1976 mores
560 1933 613 1976 in
642 1937 858 1994 utroque
890 1930 1129 1992 dispares.
1194 1927 1482 1992 Elephanto
1511 1927 1775 1975 beluarum

207 2002 260 2042 98
285 1996 421 2042 nulla
468 1997 765 2060 prudentior
788 2014 799 2044 ι
867 2004 919 2044 at
971 1997 1150 2060 figura⁴
1200 2013 1331 2060 quae
1385 1996 1611 2042 vastior?
1693 1994 1775 2041 De

284 2064 458 2110 bestiis
493 2063 702 2127 loquor:
755 2065 894 2127 quid,
927 2067 1061 2111 inter
1093 2067 1226 2126 ipsos
1259 2063 1488 2110 homines
1521 2078 1688 2109 nonne
1723 2068 1777 2108 et

284 2131 545 2178 simillimis
567 2131 737 2178 formis
755 2133 978 2194 dispares
999 2148 1164 2178 mores
1181 2138 1235 2178 et
1254 2132 1475 2177 moribus
1495 2129 1777 2176 simillimis⁵

285 2197 447 2262 figura
465 2199 713 2246 dissimilis
737 2200 755 2245 ἓ
807 2200 1014 2246 Etenim
1033 2202 1071 2245 si
1092 2197 1266 2253 semel,
1285 2197 1464 2253 Vellei,
1482 2200 1778 2259 suscipimus

347 2315 365 2341 ²
393 2317 624 2357 vincamur
643 2317 704 2365 A,
725 2316 766 2357 Β
783 2333 794 2358 2
826 2318 1043 2357 vincimur
1064 2317 1166 2357 dett.

286 2369 712 2464 ιαιῖεειὲἒᾶιέοᾳυαω
743 2401 753 2411 .
785 2401 796 2412 .
829 2401 839 2412 .
872 2383 1102 2423 nunquam
1123 2369 1313 2411 vidimus
1333 2368 1382 2410 in
1401 2371 1423 2416 5
1442 2369 1497 2409 88
1516 2366 1616 2408 bene
1635 2371 1774 2407 tram-

348 2477 366 2556 :
394 2455 952 2572 ἕέςὲιυὶιῒυξίιῖοῆἰὲὶωαη-ηὲ
967 2480 1221 2571 ξίᾳηέῐὲῒυτ.
1325 2531 1368 2571 Α

351 2583 368 2608 ⁵
395 2544 625 2626 {imsiffis
646 2531 760 2627 5225.
780 2532 1416 2638 ffl?A,)i32³par1g13²J}‘z¹i-zoiz.

296 2652 361 2702 94
