1853 3001
861 215 1113 263 CICERO

243 359 298 401 et
334 355 387 398 in
423 368 512 398 suo
550 364 784 413 quaeque
820 363 1010 411 genere
1046 346 1343 409 pubescant.
1413 344 1583 404 Quare
1618 361 1732 392 cum

242 430 356 478 solis
405 432 534 493 ignis
583 426 755 474 similis
806 441 980 472 eorum
1026 427 1220 488 ignium
1269 426 1335 470 sit
1382 426 1469 487 qui
1516 429 1635 470 sunt
1680 425 1733 470 in

242 508 529 570 corporibus
575 506 927 558 animantium,
972 501 1129 549 solem
1173 517 1376 565 quoque
1421 503 1733 547 animantem

243 602 352 633 esse
392 589 612 647 oportet,
653 588 707 628 et
746 581 953 644 quidem
991 579 1186 642 reliqua
1226 586 1362 626 astra
1401 595 1531 642 quae
1572 581 1734 625 orian-

244 670 328 709 tur
350 665 403 708 in
430 660 608 707 ardore
645 657 856 705 caelesti
890 660 975 720 qui
1014 655 1194 702 aether
1228 655 1309 702 vel
1343 655 1542 702 caelum
1576 659 1735 701 nomi-

165 748 218 787 42
242 747 408 786 natur.
478 737 607 784 Cum
653 739 808 800 igitur
857 734 1067 781 aliorum
1116 736 1450 780 animantium
1497 740 1636 780 ortus
1683 736 1736 780 in

242 825 379 865 terra
404 819 486 871 sit,
511 814 721 861 aliorum
743 817 796 859 in
820 829 968 876 aqua,
992 815 1044 858 in
1068 817 1187 858 aere
1213 811 1439 867 aliorum,
1465 811 1737 858 absurdum

245 911 354 942 esse
397 891 661 940 Aristoteli
703 891 904 937 videtur
944 893 996 936 in
1036 905 1097 936 ea
1128 896 1274 951 parte
1307 905 1439 952 quae
1471 892 1537 935 sit
1569 888 1633 935 ad
1664 892 1737 952 gi-

243 971 448 1037 gnenda
473 972 751 1017 animantia
776 971 1035 1030 aptissima
1060 966 1245 1013 animal
1268 969 1408 1030 gigni
1431 966 1622 1013 nullum
1647 983 1736 1029 pu-

245 1058 372 1097 tare.
442 1047 617 1095 Sidera
650 1054 823 1093 autem
857 1045 1141 1092 aetherium
1172 1044 1337 1091 locum
1369 1044 1621 1100 obtinent,
1653 1045 1738 1107 qui

246 1130 484 1191 quoniam
507 1127 830 1172 tenuissimus
857 1131 935 1169 est
959 1130 1012 1169 et
1035 1138 1235 1185 semper
1259 1125 1483 1186 agitatur
1507 1129 1561 1169 et
1583 1125 1739 1186 viget,

247 1221 453 1252 necesse
486 1210 564 1250 est
595 1202 730 1265 quod
763 1201 949 1247 animal
978 1204 1030 1247 in
1062 1216 1121 1247 eo
1151 1203 1392 1264 gignatur
1421 1200 1474 1247 id
1505 1207 1559 1247 et
1589 1216 1740 1247 sensu

248 1286 489 1330 acerrimo
517 1288 570 1327 et
590 1279 876 1326 mobilitate
900 1278 1161 1324 celerrima
1186 1294 1296 1324 esse
1319 1293 1332 1333 ;
1371 1293 1528 1341 quare
1550 1294 1665 1324 cum
1688 1281 1741 1324 in

249 1359 458 1407 aethere
505 1365 640 1404 astra
685 1361 978 1420 gignantur,
1025 1362 1424 1402 consentaneum
1470 1362 1549 1402 est
1592 1358 1645 1401 in
1682 1358 1741 1402 iis

248 1454 453 1486 sensum
477 1440 641 1482 inesse
671 1442 723 1481 et
748 1434 1170 1497 intellegentiam.
1231 1433 1309 1479 Ex
1336 1449 1435 1496 quo
1455 1433 1667 1480 efficitur
1689 1435 1742 1479 in

249 1516 459 1563 deorum
493 1529 703 1559 numero
738 1519 874 1558 astra
911 1527 1020 1558 esse
1047 1511 1292 1558 ducenda.
1361 1510 1499 1557 XVI.
1535 1510 1742 1557 Etenim

248 1592 369 1639 licet
411 1592 582 1638 videre
625 1593 851 1636 acutiora
892 1591 1097 1652 ingenia
1139 1595 1194 1635 et
1235 1588 1299 1635 ad
1340 1587 1743 1652 intellegendum

251 1673 445 1733 aptiora
467 1685 639 1715 eorum
662 1670 746 1731 qui
767 1674 927 1714 terras
947 1666 1170 1713 incolant
1191 1682 1275 1713 eas
1295 1669 1347 1712 in
1368 1666 1548 1729 quibus
1570 1671 1659 1713 aer
1678 1669 1744 1714 sit

249 1764 402 1810 purus
423 1763 479 1793 ac
498 1749 682 1801 tenuis,
702 1761 854 1808 quam
873 1743 1069 1791 illorum
1089 1747 1175 1807 qui
1193 1750 1404 1790 utantur
1422 1760 1586 1790 crasso
1605 1743 1744 1791 caelo

176 1834 226 1873 43
251 1833 407 1888 atque
433 1831 668 1870 concreto
688 1839 701 1879 ;
737 1826 858 1885 quin
885 1825 1040 1868 etiam
1066 1822 1176 1868 cibo
1202 1837 1302 1884 quo
1326 1828 1473 1868 utare
1496 1824 1744 1868 interesse

254 1902 442 1966 aliquid
469 1902 532 1948 ad
556 1904 742 1947 mentis
770 1902 929 1946 aciem
955 1906 1172 1962 putant3
1206 1898 1467 1962 probabile
1494 1905 1572 1946 est
1590 1902 1745 1963 igitur

249 1986 597 2043 praestantem
620 1977 1025 2041 intellegentiam
1047 1980 1099 2023 in
1119 1976 1365 2024 sideribus
1388 1992 1515 2032 esse,
1537 1993 1669 2039 quae
1691 1983 1745 2024 et

251 2055 531 2104 aetheriam
552 2063 752 2118 partem
772 2055 947 2101 mundi
969 2053 1191 2101 incolant
1212 2061 1266 2101 et
1285 2057 1488 2101 marinis
1509 2057 1745 2101 terrenis-

251 2151 351 2199 que
395 2134 649 2180 umoribus
693 2133 842 2196 longo
886 2131 1150 2179 intervallo
1194 2134 1484 2178 extenuatis
1528 2130 1742 2179 alantur.

251 2211 464 2260 Sensum
485 2218 659 2258 autem
685 2218 933 2257 astrorum
961 2217 1116 2273 atque
1141 2208 1546 2272 intellegentiam
1570 2225 1745 2256 maxu-

251 2306 334 2336 me
370 2288 594 2336 declarat
620 2288 741 2335 ordo
777 2304 949 2334 eorum
980 2294 1136 2350 atque
1165 2289 1481 2342 constantia;
1517 2285 1639 2333 nihil
1667 2293 1746 2334 est

255 2370 389 2413 enim
413 2366 549 2430 quod
572 2369 769 2412 ratione
795 2373 848 2412 et
871 2381 1082 2411 numero
1105 2367 1295 2411 moveri
1317 2367 1476 2426 possit
1499 2366 1607 2410 sine
1630 2380 1745 2411 con-

253 2443 378 2499 silio,
410 2446 462 2490 in
496 2460 596 2507 quo
614 2442 734 2488 nihil
771 2450 849 2489 est
885 2445 1213 2488 temerarium
1244 2440 1366 2487 nihil
1402 2443 1595 2488 varium
1623 2440 1744 2488 nihil

412 2567 431 2586 ⁰
461 2561 701 2602 Doubtless
723 2563 765 2602 in
786 2561 861 2601 the
881 2559 966 2601 lost
985 2559 1050 2600 De
1068 2559 1367 2612 Philosophia,
1388 2572 1460 2601 sce
1478 2560 1506 2601 i.
1527 2561 1582 2600 32
1603 2573 1646 2603 n.

265 2634 358 2684 162
