1853 3001
859 157 1112 208 CICERO

243 291 378 339 modi
413 305 644 337 sermone
681 295 735 336 et
769 305 1005 336 consessu
1040 288 1347 336 facillimum.
1417 289 1602 353 Itaque
1637 305 1734 353 ego

241 372 349 432 ipse
377 366 628 431 pontifex,
652 369 738 429 qui
767 369 1094 413 caerimonias
1116 365 1486 430 religionesque
1509 366 1733 430 publicas

245 448 557 493 sanctissime
597 444 815 491 tuendas
857 444 1087 500 arbitror,
1126 446 1167 490 is
1207 443 1301 490 hoc
1343 445 1478 507 quod
1516 448 1734 507 primum

247 530 342 579 est,
360 539 468 569 esse
489 523 626 577 deos,
642 521 936 584 persuaderi
954 520 1077 566 mihi
1096 538 1197 568 non
1213 524 1448 583 opinione
1468 521 1629 568 solum
1647 521 1737 568 sed

250 604 405 648 etiam
431 600 496 646 ad
519 602 790 645 veritatem
815 598 964 661 plane
990 598 1155 646 velim.
1219 598 1390 645 Multa
1414 602 1549 645 enim
1573 615 1739 646 occur-

247 684 366 724 runt
391 693 521 740 quae
546 677 869 732 conturbent,
894 683 953 722 ut
976 676 1232 723 interdum
1257 675 1379 722 nulli
1404 693 1514 723 esse
1537 677 1741 724 videan-

176 761 224 802 32
247 762 345 802 tur.
410 753 512 800 Sed
541 754 655 801 vide
686 770 840 817 quam
869 760 1041 799 tecum
1073 770 1221 817 agam
1250 753 1560 801 liberaliter:
1609 769 1740 818 quae

248 835 533 879 communia
574 838 693 877 sunt
734 831 872 877 vobis
914 847 1029 877 cum
1071 834 1253 877 ceteris
1293 830 1600 894 philosophis
1641 828 1752 878 non

250 912 520 972 attingam,
550 915 609 955 ut
638 907 732 954 hoc
761 911 961 970 ipsum;
1009 908 1178 970 placet
1209 911 1343 954 enim
1373 909 1604 956 omnibus
1634 907 1742 955 fere

248 985 473 1049 mihique
502 988 597 1048 ipsi
625 988 677 1031 in
705 988 878 1048 primis
909 985 1029 1032 deos
1062 1001 1188 1041 esse,
1218 989 1393 1049 itaque
1422 1003 1524 1033 non
1551 1003 1739 1050 pugno.

250 1063 521 1110 Rationem
556 1069 732 1109 tamen
769 1078 881 1108 eam
919 1078 1050 1125 quae
1087 1079 1117 1108 a
1145 1069 1198 1109 te
1229 1061 1458 1110 adfertur
1492 1081 1593 1111 non
1622 1066 1742 1110 satis

251 1140 447 1187 firmam
475 1147 616 1202 puto.
680 1139 877 1186 XXIII.
916 1139 1066 1198 Quod
1096 1143 1230 1186 enim
1260 1144 1484 1187 omnium
1512 1144 1744 1205 gentium

249 1233 596 1283 generumque
612 1215 897 1263 hominibus
914 1220 990 1263 ita
1006 1218 1280 1274 videretur,
1295 1218 1348 1265 id
1363 1221 1483 1265 satis
1501 1235 1743 1283 magnum

252 1302 611 1359 argumentum
638 1310 748 1341 esse
775 1295 946 1341 dixisti
973 1311 1060 1341 cur
1087 1311 1196 1341 esse
1224 1295 1344 1342 deos
1371 1296 1742 1343 confiteremur.

251 1372 402 1431 Quod
420 1389 535 1419 cum
553 1371 664 1418 leve
682 1388 774 1434 per
793 1388 846 1418 se
866 1379 977 1418 tum
998 1375 1153 1419 etiam
1172 1371 1355 1419 falsum
1375 1380 1467 1420 est.
1522 1373 1746 1420 Primum

252 1453 388 1496 enim
403 1450 538 1496 unde
553 1450 648 1496 tibi
662 1456 815 1495 notae
831 1456 950 1495 sunt
965 1452 1225 1512 opiniones
1240 1453 1504 1497 nationum
1526 1451 1545 1497 ?
1591 1451 1746 1515 Equi-

253 1527 371 1575 dem
400 1528 614 1574 arbitror
640 1526 827 1573 multas
857 1543 965 1573 esse
993 1534 1175 1591 gentes
1203 1531 1271 1574 sic
1298 1530 1600 1576 imnam'tate
1629 1527 1747 1576 effe-

176 1611 229 1652 03
251 1612 387 1652 ratas
419 1611 477 1651 ut
509 1605 645 1668 apud
676 1621 761 1651 eas
792 1604 930 1651 nulla
961 1608 1175 1668 suspicio
1207 1605 1417 1652 deorum
1447 1609 1527 1653 sit.
1593 1606 1747 1665 Quid,

255 1681 522 1746 Diagoras,
550 1681 686 1731 ἄθεος
711 1684 798 1745 qui
828 1682 992 1729 dictus
1027 1689 1122 1738 est,
1147 1690 1429 1746 posteaque
1454 1682 1746 1732 Theodorus

254 1776 422 1807 nonne
438 1766 615 1823 aperte
632 1760 842 1807 deorum
857 1766 1093 1806 naturam
1107 1759 1422 1808 sustulerunt
1444 1761 1462 1808 ?
1497 1761 1628 1808 Nam
1641 1762 1746 1809 Ab·

255 1837 444 1884 derites
475 1837 683 1901 quidem
712 1836 1032 1901 Protagoras,
1062 1840 1201 1884 cuius
1232 1854 1262 1884 a
1290 1844 1345 1885 te
1374 1839 1525 1885 modo
1553 1842 1746 1886 mentio

252 1913 390 1961 facta
410 1921 505 1970 est,
527 1913 775 1977 sophistes
796 1916 1110 1977 temporibus
1129 1914 1224 1961 illis
1245 1914 1325 1962 vel
1344 1919 1610 1972 maximus,
1631 1932 1746 1963 cum

253 1994 305 2038 in
332 1994 575 2054 principio
604 1991 717 2038 libri
746 1995 815 2039 sic
843 1995 1111 2054 posuisset,
1174 1991 1184 2008 ‘
1210 1992 1290 2039 De
1320 1993 1462 2049 divis,
1492 2009 1659 2057 neque
1687 2000 1746 2041 ut

254 2071 353 2116 sint
386 2085 552 2132 neque
578 2076 636 2116 ut
664 2086 765 2116 non
790 2072 907 2125 sint,
932 2068 1096 2116 habeo
1130 2069 1333 2126 dicere,'
1357 2069 1746 2118 Atheniensium

255 2148 391 2192 iussu
418 2146 542 2192 urbe
570 2153 726 2209 atque
753 2163 873 2210 agro
901 2154 980 2193 est
1007 2150 1374 2194 exterminatus
1400 2147 1613 2211 librique
1641 2152 1746 2196 eius

257 2225 306 2270 in
349 2227 584 2270 contione
629 2225 879 2271 combusti
902 2239 915 2280 ;
978 2240 1042 2271 ex
1086 2241 1186 2288 quo
1232 2226 1469 2288 equidem
1513 2229 1746 2273 existimo

320 2396 341 2417 ⁸
369 2392 521 2434 Cicero
540 2406 727 2445 appears
753 2397 799 2434 to
827 2392 1120 2435 mistranslate
1146 2394 1221 2435 the
1247 2393 1395 2436 Greek
1425 2398 1514 2446 περὶ
1541 2398 1612 2443 μὲν
1643 2399 1742 2436 θεῶν

266 2448 335 2486 οὐκ
364 2450 446 2496 ἔχω
483 2450 630 2487 εἰδέναι
669 2449 749 2487 οὔθ’
791 2449 838 2488 ὡς
878 2451 978 2487 εἰσὶν
1013 2448 1094 2487 οὔθ’
1122 2449 1170 2489 ὡς
1208 2451 1278 2488 οὐκ
1305 2452 1407 2488 εἰσίν
1435 2448 1568 2502 Diog.
1600 2449 1651 2492 L.
1681 2452 1738 2494 ix.

265 2502 315 2609 gl
339 2499 370 2553 (‘
385 2500 523 2542 either
543 2501 635 2542 that
654 2501 761 2556 they
780 2503 890 2543 exist
909 2515 959 2543 or
979 2502 1071 2543 that
1091 2501 1196 2554 they
1216 2501 1275 2544 do
1295 2506 1373 2544 not
1387 2502 1432 2556 ⁹).

299 2569 329 2610 Ο
