1853 3001
899 216 1150 264 CICERO

278 347 401 395 nihil
435 355 609 396 autem
642 349 833 396 mundo
866 348 1081 405 melius3
1132 351 1329 396 ratione
1362 351 1520 413 igitur
1551 349 1769 397 mundus

279 423 475 471 utitur.’
560 423 801 471 Similiter
870 425 995 471 effici
1064 431 1237 487 potest
1306 428 1591 488 sapientem
1660 441 1770 473 esse

278 500 543 555 mundum,
603 499 832 546 similiter
891 499 1119 555 beatum,
1180 499 1410 546 similiter
1469 506 1770 557 aeternum3

278 576 446 620 omnia
481 577 616 620 enim
649 572 776 620 haec
809 573 1017 620 meliora
1051 581 1169 620 sunt
1203 591 1357 637 quam
1392 590 1453 621 ea
1486 591 1617 638 quae
1651 581 1771 622 sunt

277 646 352 695 his
393 652 634 706 carentia,
659 666 753 696 nec
776 650 966 696 mundo
1007 653 1276 712 quicquam
1301 649 1496 697 melius.
1565 649 1644 696 Ex
1670 667 1769 714 quo

278 724 522 770 efficietur
549 741 658 771 esse
685 725 931 771 mundum
952 724 1120 772 deum.
1191 724 1438 788 Idemque
1464 724 1558 771 hoc
1583 725 1734 772 modo
1755 742 1772 779 ι

198 803 252 843 22
277 797 287 814 ‘
313 799 506 846 Nullius
566 816 715 846 sensu
768 803 984 846 carentis
1036 817 1150 862 pars
1205 799 1371 863 aliqua
1422 807 1594 863 potest
1661 816 1770 847 esse

277 877 537 929 sentiens;
606 874 783 921 mundi
836 881 1010 920 autem
1060 881 1232 937 partes
1284 877 1564 921 sentientes
1616 882 1769 931 sunt3

277 964 378 994 non
418 951 575 1012 igitur
614 955 755 996 caret
795 965 945 995 sensu
985 948 1238 996 mundus.’
1324 948 1499 1013 Pergit
1538 950 1674 996 idem
1716 956 1770 997 et

277 1030 428 1086 urget
458 1027 751 1087 angustius:
789 1023 799 1040 ‘
821 1023 957 1069 Nihil
976 1022 987 1039 '
1023 1027 1190 1087 inquit
1228 1023 1238 1040 ‘
1263 1025 1399 1087 quod
1435 1027 1587 1070 animi
1613 1024 1771 1088 quod-

277 1113 378 1161 que
422 1101 629 1145 rationis
676 1105 755 1145 est
800 1114 999 1161 expers,
1033 1099 1087 1146 id
1121 1115 1366 1162 generare
1404 1115 1468 1146 ex
1509 1115 1564 1146 se
1599 1105 1773 1162 potest

278 1176 592 1220 animantem
629 1181 1004 1237 conpotemque
1041 1177 1285 1229 rationis3
1340 1175 1558 1221 mundus
1597 1181 1771 1221 autem

277 1255 492 1310 generat
532 1250 802 1295 animantis
842 1255 1205 1311 compotesque
1244 1251 1486 1305 rationis3
1544 1251 1772 1296 animans

278 1328 357 1368 est
395 1325 552 1386 igitur
590 1323 809 1369 mundus
849 1339 1156 1386 composque
1195 1321 1438 1370 rationis.'
1523 1323 1771 1387 Idemque

278 1397 606 1445 similitudine
642 1405 701 1445 ut
736 1414 889 1461 saepe
924 1397 1054 1445 solet
1094 1401 1345 1445 rationem
1380 1397 1642 1446 conclusit1
1678 1398 1772 1446 hoc

276 1473 462 1520 modo:
539 1472 623 1520 ‘Si
693 1490 757 1521 ex
811 1473 942 1520 oliva
1003 1473 1264 1521 modulate
1318 1481 1560 1521 canentes
1614 1475 1771 1521 tibiae

277 1554 623 1604 nascerentur,
669 1565 791 1594 num
837 1548 1097 1595 dubitares
1143 1551 1265 1611 quin
1309 1551 1502 1595 inesset
1545 1551 1598 1595 in
1643 1547 1773 1595 oliva

277 1623 489 1669 tibicinii
537 1624 789 1686 quaedam
835 1623 1088 1670 scientia?
1157 1622 1293 1681 Quid
1338 1626 1379 1670 si
1423 1622 1617 1686 platani
1663 1623 1772 1671 fidi-

278 1696 414 1744 culas
468 1696 663 1745 ferrent
716 1714 983 1744 numerose
1038 1697 1318 1745 sonantes?
1390 1698 1528 1745 idem
1581 1697 1774 1745 scilicet

278 1787 510 1819 censeres
559 1775 612 1818 in
660 1772 879 1835 platanis
927 1775 1092 1819 inesse
1141 1775 1399 1819 musicam.
1469 1772 1569 1819 Cur
1616 1775 1773 1836 igitur

277 1848 495 1894 mundus
529 1865 629 1894 non
663 1851 889 1894 animans
923 1851 1225 1911 sapiensque
1258 1847 1526 1904 iudicetur,
1559 1864 1674 1894 cum
1707 1864 1771 1895 ex

278 1936 332 1966 se
358 1929 590 1983 procreet
617 1925 886 1968 animantis
914 1929 1069 1984 atque
1096 1924 1338 1984 sapientis
1362 1922 1380 1968 ?
1405 1920 1416 1936 ’

201 2001 254 2041 23
344 1996 432 2043 IX.
471 1997 498 2013 “
523 1997 624 2044 Sed
653 2001 891 2061 quoniam
919 2001 1063 2060 coepi
1091 2013 1232 2044 secus
1263 2013 1414 2061 agere
1444 2003 1600 2060 atque
1627 1999 1773 2044 initio

279 2071 506 2118 dixeram
536 2073 799 2137 (negaram
828 2075 962 2119 enim
991 2071 1119 2119 hanc
1147 2075 1361 2135 primam
1389 2079 1588 2135 partem
1619 2088 1772 2136 egere

279 2149 524 2202 oratione,
551 2147 687 2210 quod
713 2153 847 2193 esset
872 2147 1103 2193 omnibus
1127 2149 1449 2208 perspicuum
1475 2145 1595 2192 deos
1622 2145 1772 2209 esse),

278 2226 454 2267 tamen
488 2222 539 2268 id
575 2225 739 2284 ipsum
775 2222 1053 2268 rationibus
1077 2220 1294 2284 physicis
1320 2220 1392 2284 (id
1428 2227 1507 2266 est
1531 2219 1772 2266 naturali-

279 2294 413 2358 bus²)
454 2295 768 2342 confirmare³
809 2295 934 2342 volo.
1014 2294 1093 2342 Sic
1133 2297 1268 2340 enim
1305 2309 1385 2340 res
1423 2309 1478 2340 se
1517 2292 1675 2340 habet
1713 2300 1772 2341 ut

279 2373 447 2416 omnia
474 2387 604 2433 quae
632 2370 851 2417 alantur⁴
879 2377 933 2417 et
961 2385 1093 2433 quae
1119 2373 1366 2416 crescant⁵
1394 2371 1690 2415 contineant
1719 2371 1771 2417 in

340 2477 356 2502 ¹
387 2477 607 2518 concludit
630 2479 731 2518 dect.
992 2478 1008 2502 ²
1039 2475 1083 2517 id
1104 2507 1114 2518 .
1139 2507 1149 2517 .
1172 2507 1182 2517 .
1204 2474 1479 2517 naturalibus
1500 2489 1580 2517 om.
1603 2475 1714 2517 Αἶά.

344 2531 361 2556 ⁸
392 2531 651 2573 confirmare
672 2533 801 2573 detta
831 2532 887 2610 -ἷί
897 2531 1097 2626 ἔξέδοΒυῃῒ
1119 2584 1206 2625 dat
1365 2530 1382 2554 ⁴
1411 2528 1590 2571 aluntur
1610 2530 1714 2572 dett.

290 2655 311 2696 l
323 2657 384 2694 44
