1919 3006
946 207 1197 257 CICERO

327 334 484 384 Cicero
500 335 716 383 Academ.
737 334 812 382 lib.
833 334 904 383 ΙΙ.
931 355 947 383 .·
989 335 1124 394 Quid
1147 336 1165 382 ?
1205 336 1355 382 lunae
1377 352 1509 399 quae
1524 337 1821 385 liniamenta

324 411 442 450 sunt
461 404 479 449 ?
499 411 713 466 potesne
730 403 898 450 dicere
916 403 934 449 ?
974 406 1112 450 cuius
1134 410 1187 450 et
1205 407 1458 450 nascentis
1479 411 1533 451 et
1557 420 1821 452 senescen-

323 475 388 518 tis
415 471 534 517 alias
559 470 841 527 hebetiora,
867 470 988 516 alias
1015 474 1239 517 acutiora
1263 471 1499 518 videntur
1523 488 1723 518 cornua.

387 545 431 585 ’7.
469 537 595 585 Non.
617 555 668 602 p.
701 543 805 586 162.
866 537 1184 602 Purpurascit.
1250 537 1406 586 Cicero
1432 538 1578 586 Acad.
1601 538 1676 586 lib.
1706 538 1775 586 II.
1801 556 1820 588 .·

326 605 498 664 Quid?
550 622 691 652 mare
724 621 893 652 nonne
927 605 1257 652 caeruleum?
1311 613 1365 653 at
1406 609 1512 653 eius
1548 607 1685 654 unda
1709 623 1823 653 cum

326 680 404 720 est
425 673 569 736 pulsa
588 676 738 719 remis
760 676 1095 736 purpurascit,
1119 680 1172 720 et
1193 673 1399 736 quidem
1421 690 1585 737 aquae
1605 677 1823 721 tinctum

326 741 547 804 quodam
572 741 723 788 modo
750 748 804 787 et
828 739 1075 787 infectum
1113 776 1122 788 .
1163 777 1172 787 .
1212 777 1222 787 .

390 813 434 854 8.
472 807 597 854 Non.
637 825 687 871 p.
736 813 841 855 162.
925 806 1261 872 Perpendicula
1302 814 1344 854 et
1384 824 1585 855 normae.
1666 806 1824 856 Cicero

331 874 477 922 Acad.
501 874 576 921 lib.
598 874 668 922 ΙΙ.
691 894 706 922 .·
753 876 914 938 Atqui
939 878 978 921 si
1004 875 1057 922 id
1081 875 1418 931 crederemuS,
1438 892 1539 922 non
1559 891 1824 939 egeremus

323 942 713 1006 perpendiculis,
735 959 837 989 non
857 946 1061 999 normis,
1083 959 1184 989 non
1204 943 1406 1007 regulis.

389 1014 434 1064 9.
471 1010 597 1057 Non.
615 1027 665 1074 p.
689 1014 797 1065 394.
852 1009 1032 1057 Siccam
1052 1009 1217 1056 dicitur
1243 1009 1424 1057 aridum
1444 1016 1485 1056 et
1504 1008 1602 1057 sine
1621 1009 1822 1056 humore.

325 1111 340 1126 .
377 1113 386 1123 .
427 1114 437 1123 .
475 1076 654 1124 Siccam
700 1076 867 1124 dicitur
913 1084 955 1124 et
1001 1077 1218 1134 sobrium,
1265 1076 1580 1124 immadidum.
1666 1076 1824 1125 Cicero

324 1143 472 1191 Acad.
513 1144 587 1191 lib.
633 1144 704 1192 II.
731 1165 747 1193 .·
797 1145 940 1192 Alius
993 1145 1166 1209 (color)
1216 1145 1419 1201 adultis,
1461 1145 1585 1192 alius
1628 1144 1825 1191 adules-

324 1213 574 1268 centibus,
601 1212 724 1259 alius
753 1215 933 1277 aegriS,
960 1212 1113 1262 <alius
1144 1216 1322 1269 sanis>,
1356 1212 1480 1259 alius
1518 1215 1674 1268 siccis,
1699 1212 1822 1259 alius

330 1279 617 1326 vinulentis.

390 1353 463 1394 10.
501 1347 628 1395 Non.
656 1364 705 1410 p.
737 1352 846 1394 474.
919 1345 1190 1394 Urinantur.
1272 1345 1429 1394 Cicero
1457 1344 1507 1393 in
1536 1343 1825 1393 Academicis

325 1412 402 1461 lib.
440 1413 510 1461 ΙΙ.
538 1434 554 1462 .-
618 1413 669 1461 Si
712 1414 915 1478 quando
961 1417 1095 1461 enim
1138 1430 1228 1461 nos
1272 1414 1602 1462 demersimus
1645 1420 1705 1460 ut
1740 1415 1826 1477 qui

325 1484 608 1537 urinantur,
642 1488 731 1529 aut
763 1481 886 1528 nihil
918 1498 1156 1545 superum
1189 1488 1280 1529 aut
1311 1482 1521 1529 obscure
1553 1480 1826 1529 admodum

321 1564 587 1596 cernimus.

389 1622 462 1663 11.
500 1616 625 1663 Non.
651 1633 704 1680 p.
736 1621 844 1663 545.
911 1615 1169 1663 Alabaster.
1239 1614 1397 1664 Cicero
1428 1614 1575 1662 Acad.
1608 1613 1684 1662 lib.
1709 1613 1780 1662 II.
1805 1631 1826 1664 .·

323 1682 518 1799 Qgibus
553 1687 709 1731 etiam
750 1683 1004 1731 alabaster
1038 1684 1217 1747 plenus
1250 1686 1501 1748 unguenti
1537 1689 1690 1746 puter
1715 1697 1827 1730 esse

325 1754 374 1798 vi
414 1758 542 1799 etur.

942 1910 1096 1959 me
1133 1911 1214 1959 III

389 2025 463 2067 12.
501 2020 627 2067 Non.
660 2037 711 2084 p.
750 2025 827 2068 65.
891 2018 1169 2084 Digladiari
1204 2055 1217 2068 .
1253 2054 1267 2069 .
1303 2055 1317 2068 .
1351 2019 1471 2067 idem
1504 2017 1634 2067 tertio
1657 2038 1676 2069 .·
1735 2019 1826 2067 Di-

321 2087 534 2152 gladiari
560 2095 735 2135 autem
760 2104 961 2150 semper
981 2095 1035 2135 et
1059 2088 1355 2151 depugnare
1379 2091 1432 2134 in
1455 2086 1745 2135 facinorosis
1770 2093 1825 2134 et

322 2156 595 2202 audacibus
614 2159 724 2218 quis
741 2172 842 2202 non
859 2172 974 2202 cum
985 2158 1323 2202 miserrimum
1335 2161 1448 2202 tum
1463 2158 1618 2202 etiam
1631 2154 1824 2202 stultis·

321 2226 503 2270 simum
527 2223 714 2270 dixerit
736 2223 754 2269 ?

389 2295 461 2336 13.
498 2290 624 2337 Non.
653 2307 703 2354 p.
735 2295 811 2337 65.
874 2288 1100 2336 Exultare
1130 2288 1299 2336 dictum
1327 2294 1394 2336 est
1420 2288 1593 2336 exilire.
1659 2287 1820 2336 Cicero

320 2355 467 2405 Acad.
490 2356 566 2404 lib.
587 2356 686 2405 ΙΙΙ.
713 2376 729 2404 .·
771 2357 841 2403 Et
863 2363 922 2403 ut
943 2373 1032 2403 nos
1055 2373 1188 2403 nunc
1207 2356 1441 2404 sedemus
1461 2356 1526 2404 ad
1545 2355 1818 2403 Lucrinum

321 2424 685 2488 pisciculosque
713 2424 1003 2471 exultantes
1029 2424 1258 2470 videmus
1295 2460 1306 2470 .
1345 2460 1355 2470 .
1395 2459 1405 2470 .

390 2498 462 2538 14.
500 2491 626 2538 Non.
676 2509 726 2555 p.
786 2497 889 2538 123.
984 2490 1339 2555 Ingeneraretur
1389 2496 1440 2537 ut
1488 2488 1815 2537 innasceretur.

326 2557 484 2606 Cicero
503 2557 649 2606 Acad.
670 2558 745 2605 lib.
767 2558 865 2606 ΙΙΙ.
892 2578 908 2606 .·
955 2558 1015 2604 In
1039 2565 1186 2605 tanta
1212 2560 1546 2605 animantium
1568 2559 1819 2605 varietate

324 2640 419 2683 458
