1919 3006
929 186 1181 235 CICERO

311 321 567 366 memnoni
594 317 794 374 Achilli,
820 325 984 364 certos
1011 318 1131 365 deos
1159 317 1500 364 discriminum
1527 323 1581 364 et
1605 319 1799 380 pericu-

311 394 472 441 lorum
502 396 710 440 comites
743 393 1059 456 adiungeret.
1128 390 1402 439 Praeterea
1430 395 1652 454 ipsorum
1681 392 1799 439 deo-

310 484 422 515 rum
454 483 606 530 saepe
637 469 976 529 praesentiae,
1008 463 1181 528 quales
1213 481 1363 527 supra
1395 468 1798 521 commemoravi,

311 542 571 590 declarant
603 542 666 587 ab
696 544 754 587 iis
788 548 841 588 et
871 541 1158 587 civitatibus
1192 547 1246 587 et
1275 539 1481 603 singulis
1512 539 1798 586 hominibus

310 616 514 664 consuli.
576 615 725 674 Quod
770 615 975 679 quidem
1010 613 1325 678 intellegitur
1361 617 1518 661 etiam
1552 614 1800 678 significa-

310 692 530 739 tionibus
571 707 741 737 rerum
781 689 1067 737 futurarum
1108 706 1239 752 quae
1280 697 1392 736 tum
1433 689 1799 737 dormientibus

309 772 421 813 tum
473 763 795 828 vigilantibus
849 763 1253 826 portenduntur3
1319 762 1481 810 multa
1532 770 1801 826 praeterea

311 841 522 885 ostentis
566 836 728 884 multa
773 840 902 883 extis
948 837 1295 892 admonemur,
1338 835 1612 900 multisque
1648 837 1799 884 rebus

311 911 416 957 aliis
477 926 600 973 quas
660 909 926 956 diuturnus
975 926 1092 955 usus
1145 912 1220 955 ita
1271 912 1467 956 notavit
1524 915 1583 956 ut
1636 916 1799 956 artem

207 994 284 1033 167
311 987 629 1033 divinationis
655 984 891 1031 efficeret.
962 984 1125 1030 Nemo
1160 987 1316 1048 igitur
1351 987 1424 1030 vir
1452 1000 1666 1048 magnus
1691 987 1799 1031 sine

311 1059 476 1122 aliquo
536 1057 727 1106 adflatu
786 1058 953 1105 divino
1012 1074 1253 1121 umquam
1311 1056 1424 1105 fuit.
1518 1057 1624 1105 Nec
1681 1074 1799 1105 vero

310 1134 437 1185 <id>1
494 1136 569 1180 ita
626 1131 962 1179 refellendum
1022 1139 1100 1179 est
1159 1139 1233 1188 ut,
1290 1134 1331 1178 si
1391 1132 1650 1195 segetibus
1710 1139 1799 1179 aut

309 1209 490 1255 vinetis
527 1209 805 1268 cuiuspiam
851 1213 1131 1267 tempestas
1178 1208 1424 1261 nocuerit,
1461 1212 1551 1252 aut
1595 1207 1636 1252 si
1678 1205 1799 1268 quid

311 1296 339 1328 e
382 1283 518 1326 vitae
562 1279 834 1326 commodis
879 1295 1021 1325 casus
1067 1277 1350 1334 abstulerit,
1395 1294 1513 1325 eum
1555 1281 1633 1325 cui
1678 1278 1801 1342 quid

308 1352 488 1400 horum
535 1352 774 1399 acciderit
821 1358 910 1398 aut
955 1354 1171 1398 invisum
1217 1351 1314 1398 deo
1361 1358 1450 1398 aut
1507 1351 1800 1415 neglectum

311 1444 341 1475 a
359 1428 456 1474 deo
475 1427 768 1474 iudicemus.
827 1425 1022 1489 Magna
1040 1426 1091 1473 di
1110 1432 1307 1482 curant,
1324 1442 1480 1488 parva
1498 1426 1796 1490 neglegunt.

312 1500 516 1564 Magnis
559 1507 733 1547 autem
775 1503 889 1546 viris
931 1515 1202 1562 prosperae
1245 1515 1445 1561 semper
1486 1516 1660 1547 omnes
1701 1517 1799 1558 res,

310 1573 560 1636 siquidem
597 1575 717 1619 satis
755 1588 785 1618 a
817 1575 998 1618 nostris
1037 1579 1090 1618 et
1126 1588 1157 1618 a
1191 1575 1416 1634 principe
1452 1571 1798 1634 philosophiae

310 1645 516 1694 Socrate
542 1646 735 1692 dictum
765 1652 843 1691 est
873 1645 937 1692 de
963 1645 1282 1691 ubertatibus
1308 1648 1506 1692 virtutis
1537 1652 1592 1692 et
1627 1650 1795 1708 copiis.

203 1729 283 1770 168
372 1720 581 1768 LXVII.
620 1719 815 1766 “Haec
855 1719 976 1766 mihi
1017 1718 1125 1766 fere
1163 1722 1217 1766 in
1255 1727 1485 1767 mentem
1524 1721 1799 1767 veniebant

309 1812 440 1859 quae
458 1794 672 1842 dicenda
687 1801 923 1857 putarem
940 1794 1003 1840 de
1022 1800 1204 1840 natura
1219 1793 1445 1841 deorum.
1512 1793 1590 1840 Tu
1607 1802 1798 1851 autem,

309 1869 479 1925 Cotta,
511 1872 551 1916 si
582 1885 664 1916 me
697 1869 888 1925 audias,
922 1869 1138 1915 eandem
1169 1885 1372 1915 causam
1404 1884 1524 1931 agas
1555 1875 1712 1932 teque
1745 1875 1799 1916 et

308 1945 584 2005 principem
616 1944 776 1988 civem
807 1948 860 1988 et
890 1941 1183 2004 pontificem
1214 1957 1323 1988 esse
1354 1943 1545 2004 cogites
1577 1948 1648 1998 et,
1679 1958 1800 2004 quo-

307 2018 444 2062 niam
467 2018 519 2062 in
543 2021 813 2079 utramque
838 2022 1038 2077 partem
1063 2015 1201 2061 vobis
1225 2013 1345 2060 licet
1369 2013 1646 2076 disputare,
1670 2013 1800 2062 hanc

849 2143 866 2168 ²
895 2144 999 2184 add.
1023 2143 1258 2195 Heindorf.

369 2275 388 2295 ⁰
418 2269 470 2310 In
498 2269 563 2309 De
590 2269 875 2310 Divinatione
899 2268 1089 2310 Cicero’s
1113 2268 1292 2309 brother
1320 2266 1514 2318 Quintus
1539 2272 1627 2309 sets
1650 2273 1728 2310 out
1752 2271 1796 2310 in

305 2322 434 2364 Book
459 2323 494 2364 Ι.
517 2324 638 2364 these
657 2327 745 2364 two
765 2322 898 2363 kinds
927 2324 978 2363 of
1001 2322 1262 2370 divination,
1283 2321 1473 2370 natural,
1493 2322 1556 2375 by
1575 2336 1727 2364 means
1750 2323 1800 2364 of

303 2377 478 2419 dreams
498 2376 586 2417 and
603 2378 822 2424 ecstasies‚
849 2376 939 2417 and
965 2375 1182 2424 artificial,
1197 2375 1392 2428 through
1418 2376 1493 2416 the
1516 2375 1798 2418 observation

303 2432 354 2472 of
387 2431 567 2472 entrails
609 2432 660 2472 of
701 2432 888 2479 victims,
928 2429 1064 2471 birds'
1103 2429 1245 2482 ssight,
1283 2428 1508 2482 lightning
1545 2429 1635 2471 and
1673 2431 1798 2472 other

303 2489 526 2579 pprtentg:
576 2486 620 2525 in
661 2484 790 2526 Book
829 2484 890 2526 11.
923 2484 1077 2526 Cicero
1114 2483 1285 2537 replies‚
1316 2483 1516 2537 denying
1551 2483 1796 2526 divination

303 2553 328 2579 a
349 2543 470 2592 toget
503 2553 561 2580 er.

317 2609 412 2651 282
