1919 3006
940 185 1192 233 CICERO

315 313 380 361 de
409 314 589 377 quibus
614 316 716 359 iam
743 313 978 369 diximus,
1007 321 1060 361 et
1087 330 1196 360 esse
1225 320 1444 361 armatos
1470 320 1530 361 ut
1555 329 1813 361 occurrere

315 405 561 465 possimus
595 402 1077 465 interrogationibus
1113 418 1287 448 eorum
1321 405 1684 465 captionesque
1718 402 1814 449 dis-

242 501 294 539 47
317 497 509 546 cutere‚
552 489 689 552 quod
729 489 967 552 deinceps
1008 488 1176 536 facere
1218 493 1472 537 constitui.
1546 489 1814 553 Exponam

314 581 470 642 igitur
516 580 803 641 generatim
850 585 1154 641 argumenta
1200 594 1392 633 eorum,
1438 581 1677 641 quoniam
1722 581 1817 640 ipsi

316 669 472 713 etiam
494 665 564 711 illi
585 664 749 712 solent
769 682 871 711 non
891 664 1097 712 confuse
1117 665 1269 729 loqui.
1326 665 1550 712 Primum
1569 671 1817 712 conantur

317 753 588 801 ostendere
614 753 777 799 multa
800 769 947 816 posse
973 754 1131 800 videri
1158 770 1267 800 esse
1294 770 1426 817 quae
1452 756 1655 800 omnino
1680 751 1818 799 nulla

317 844 435 897 sint,
479 858 595 887 cum
639 843 793 887 animi
835 844 1054 888 inaniter
1097 849 1398 888 moveantur
1443 841 1624 889 eodem
1665 840 1817 887 modo

315 930 466 976 rebus
490 932 550 975 iis
577 944 708 991 quae
732 928 901 975 nullae
927 932 1028 976 sint
1053 936 1111 976 ut
1134 932 1192 976 iis
1219 945 1350 993 quae
1376 932 1491 976 sint.
1546 928 1679 975 Nam
1703 945 1818 975 cum

317 1017 513 1073 dicatis,
539 1019 794 1080 inquiunt,
821 1020 926 1063 visa
953 1017 1206 1080 quaedam
1231 1020 1368 1064 mitti
1396 1034 1425 1063 a
1451 1017 1565 1073 deo,
1590 1016 1731 1063 velut
1758 1031 1820 1063 ea

317 1121 449 1169 quae
473 1107 527 1151 in
550 1107 736 1152 somnis
761 1105 1030 1152 videantur
1055 1122 1290 1169 quaeque
1315 1104 1544 1161 oraculis,
1569 1106 1819 1168 auspiciis,

318 1195 449 1240 extis
491 1192 814 1240 declarentur
854 1192 1000 1256 (haec
1041 1196 1177 1240 enim
1217 1196 1360 1240 aiunt
1398 1194 1600 1256 probari
1639 1191 1819 1239 Stoicis

318 1297 442 1344 quos
467 1288 644 1328 contra
667 1281 970 1344 disputant),
996 1288 1250 1344 quaerunt
1274 1297 1495 1344 quonam
1518 1280 1669 1328 modo
1692 1278 1820 1326 falsa

318 1372 424 1416 visa
447 1384 578 1432 quae
603 1371 705 1415 sint
730 1385 792 1415 ea
814 1369 939 1416 deus
964 1369 1161 1416 efficere
1184 1372 1343 1432 possit
1366 1367 1662 1432 probabilia,
1687 1382 1820 1431 quae

319 1464 494 1503 autem
513 1456 664 1519 plane
684 1460 914 1520 proxime
941 1457 1006 1504 ad
1026 1473 1201 1504 verum
1227 1457 1473 1504 accedant
1497 1456 1693 1503 efficere
1719 1472 1820 1502 non

319 1547 495 1608 possit,
533 1551 623 1591 aut
659 1547 699 1591 si
737 1561 798 1591 ea
834 1561 1036 1608 quoque
1072 1548 1248 1609 possit,
1285 1562 1378 1598 cur,
1407 1544 1492 1591 illa
1527 1561 1628 1591 non
1662 1546 1822 1608 possit

321 1648 452 1696 quae
477 1631 873 1696 perdifficiliter,1
894 1635 1303 1680 internoscantur
1324 1640 1517 1689 tamen,
1540 1639 1594 1680 et
1617 1634 1658 1680 si
1677 1630 1821 1688 haec,

242 1731 296 1770 48
321 1737 408 1767 cur
440 1737 542 1767 non
577 1723 711 1767 inter
744 1737 876 1783 quae
909 1719 1032 1767 nihil
1064 1723 1149 1768 sit²
1185 1724 1404 1768 omnino.
1472 1720 1675 1768 Deinde
1707 1736 1823 1767 cum

320 1824 465 1855 mens
485 1815 752 1855 moveatur
772 1811 883 1871 ipsa
903 1825 994 1872 per
1016 1825 1144 1865 sese,
1167 1816 1226 1856 ut
1249 1816 1302 1856 et
1325 1825 1386 1855 ea
1408 1807 1668 1856 declarant
1690 1822 1822 1871 quae

320 1898 632 1960 cogitatione
662 1896 983 1960 depingimus
1013 1904 1067 1944 et
1097 1913 1159 1944 ea
1187 1913 1318 1960 quae
1348 1896 1428 1944 vel
1456 1897 1822 1944 dormientibus

321 1983 402 2031 vel
435 1982 633 2031 furiosis
670 1984 906 2031 videntur
941 2001 1042 2031 non
1076 2001 1373 2048 numquam,
1409 1987 1513 2030 veri
1547 1983 1708 2031 simile
1745 1990 1824 2030 est

323 2074 391 2119 sic
428 2074 587 2118 etiam
622 2079 852 2118 mentem
888 2075 1078 2119 moveri
1115 2079 1174 2119 ut
1209 2089 1310 2118 non
1345 2072 1496 2119 modo
1532 2087 1634 2118 non
1668 2073 1823 2118 inter-

323 2166 499 2206 noscat
524 2175 645 2205 vera
668 2159 753 2206 illa
777 2163 883 2206 visa
907 2163 1009 2207 sint
1034 2176 1164 2207 anne
1190 2158 1318 2206 falsa
1342 2159 1431 2207 sed
1457 2165 1516 2206 ut
1540 2162 1592 2205 in
1615 2161 1674 2205 iis
1699 2157 1821 2204 nihil

322 2248 523 2294 intersit
543 2250 745 2294 omnino
770 2264 780 2294 ε
818 2255 877 2294 ut
896 2251 936 2294 si
956 2250 1041 2311 qui
1061 2254 1344 2294 tremerent
1363 2254 1417 2294 et
1437 2246 1820 2294 exalbescerent

324 2333 403 2381 vel
426 2337 519 2397 ipsi
544 2351 635 2397 per
655 2351 708 2382 se
729 2342 873 2382 motu
892 2338 1078 2381 mentis
1101 2334 1267 2398 aliquo
1282 2334 1362 2381 vel
1387 2335 1588 2381 obiecta
1610 2331 1818 2380 terribili

559 2475 577 2500 ¹
637 2473 918 2515 erdifficiliter
945 2475 1397 2518 <internoscantur>
1418 2475 1439 2513 Ρ
1457 2472 1587 2514 Reid.

605 2488 635 2528 p
865 2528 882 2552 ²
909 2528 1081 2568 intersit
1102 2526 1157 2567 M
1158 2527 1286 2569 aller.

327 2594 421 2643 526
