1919 3006
966 187 1217 234 CICERO

342 318 608 378 perspicua
643 322 696 362 et
729 315 941 362 inania?
1009 315 1206 362 Eadem
1239 318 1369 362 ratio
1406 322 1485 363 est
1518 319 1838 364 somniorum.

343 383 479 429 Num
503 399 677 430 censes
702 383 923 429 Ennium
948 399 1062 429 cum
1086 386 1138 428 in
1161 382 1319 430 hortis
1344 400 1459 429 cum
1483 382 1654 430 Servio
1680 383 1842 430 Galba

342 453 503 496 vicino
543 467 632 496 suo
673 449 1032 496 ambulavisset
1072 451 1293 497 dixisse:
1351 449 1361 466 ⁴
1385 450 1533 497 Visus
1572 467 1683 497 sum
1720 449 1841 496 mihi

342 534 457 563 cum
510 517 673 564 Galba
725 517 984 564 ambulare
1009 516 1062 564 ⁹?
1146 519 1219 564 At
1268 534 1383 564 cum
1434 520 1720 574 somniavit,
1768 520 1843 564 ita

342 588 566 631 narravit
589 601 600 630 ε

741 672 860 711 visus
883 671 1105 711 Homerus
1127 671 1281 711 adesse
1301 675 1449 723 poeta.

349 754 597 818 Idemque
621 758 673 801 in
696 755 1001 819 Epicharmo
1023 772 1037 805 ς

513 853 632 893 Nam
652 852 837 893 videbar
857 855 1079 894 somniare
1102 853 1203 893 med
1224 867 1308 905 ego
1329 867 1422 894 esse
1443 857 1681 896 mortuom.

345 937 529 1000 Itaque
557 936 704 983 simul
731 944 789 984 ut
817 940 1102 1000 experrecti
1129 954 1300 984 sumus
1327 940 1433 985 visa
1457 936 1543 984 illa
1567 940 1845 984 contemni-

342 1021 454 1051 mus
480 1021 647 1067 neque
673 1008 747 1051 ita
770 1004 1017 1051 habemus
1045 1012 1102 1051 ut
1129 1021 1189 1051 ea
1215 1021 1346 1068 quae
1371 1008 1423 1051 in
1448 1003 1556 1051 foro
1581 1008 1843 1068 gessimus.

265 1081 317 1121 52
406 1072 571 1118 XVII.
610 1071 637 1087 ‘⁴
663 1073 736 1118 At
787 1076 922 1118 enim
973 1073 1094 1119 dum
1145 1073 1381 1119 videntur
1433 1073 1614 1119 eadem
1665 1079 1745 1119 est
1792 1075 1845 1118 in

343 1142 529 1186 somnis
568 1143 760 1201 species
791 1146 1087 1202 eorumquel
1127 1156 1258 1202 quae
1288 1139 1555 1203 vigilantes
1587 1139 1843 1186 videmus!

344 1205 568 1252 Primum
593 1210 809 1253 interest
832 1223 843 1262 3
887 1207 978 1253 sed
1002 1207 1053 1253 id
1079 1210 1391 1262 omittamus,
1416 1206 1540 1253 illud
1565 1210 1701 1253 enim
1726 1207 1846 1253 djci-

345 1290 472 1329 mus,
502 1290 604 1320 non
634 1274 851 1320 eandem
882 1290 990 1321 esse
1021 1277 1122 1320 vim
1151 1291 1319 1337 neque
1349 1277 1703 1337 integritatem
1733 1274 1845 1320 dor-

343 1343 612 1387 mientium
645 1348 698 1388 et
729 1341 1047 1404 vigilantium
1078 1358 1172 1387 nec
1202 1348 1377 1388 mente
1409 1357 1502 1387 nec
1534 1357 1699 1388 sensu.
1766 1340 1844 1387 Ne

343 1407 590 1454 vinulenti
625 1409 832 1471 quidem
867 1425 997 1471 quae
1033 1407 1226 1456 faciunt
1262 1409 1442 1455 eadem
1478 1408 1844 1470 adprobatione

343 1474 537 1522 faciunt
567 1492 667 1538 qua
696 1477 847 1522 sobrii
871 1493 881 1522 z
930 1476 1185 1531 dubitant,
1216 1475 1490 1531 haesitant,
1519 1482 1760 1522 revocant
1788 1491 1844 1522 se

344 1543 618 1599 interdum,
662 1546 823 1606 iisque
869 1560 1000 1606 quae
1044 1544 1280 1589 videntur
1323 1542 1620 1589 imbecillius
1665 1542 1845 1589 adsen-

345 1613 542 1656 tiuntur
581 1627 798 1673 cumque
840 1611 1217 1657 edormiverunt
1255 1609 1340 1656 illa
1378 1613 1483 1656 visa
1522 1626 1676 1673 quam
1713 1608 1844 1656 levia

345 1675 534 1723 fuerint
559 1677 881 1741 intellegunt.
944 1678 1093 1735 Quod
1118 1678 1255 1723 idem
1280 1680 1530 1741 contingit
1554 1679 1758 1732 insanis,
1785 1682 1844 1723 ut

346 1751 400 1790 et
427 1747 727 1806 incipientes
757 1744 924 1791 furere
950 1748 1175 1791 sentiant
1206 1752 1259 1791 et
1289 1745 1460 1791 dicant
1490 1743 1679 1807 aliquid
1707 1743 1844 1806 quod

344 1827 445 1857 non
465 1814 529 1858 sit
547 1812 600 1858 id
618 1812 775 1858 videri
795 1813 904 1868 sibi,
926 1820 979 1859 et
998 1829 1112 1859 cum
1131 1811 1424 1859 relaxentur
1443 1815 1668 1858 sentiant
1687 1817 1843 1874 atque

344 1877 430 1924 illa
452 1879 624 1926 dicant
648 1879 967 1927 Alcmaeonis
992 1896 1003 1926 t

780 2009 796 2034 ²
828 2009 1085 2049 Hermann:
1117 2022 1269 2050 eorum
1291 2009 1415 2050 codd.

406 2162 426 2182 ⁶
453 2157 548 2198 The
581 2156 743 2198 Italian
777 2157 925 2199 Greek
959 2158 1174 2209 (239-169
1206 2157 1306 2208 ac.)
1340 2158 1440 2198 who
1474 2156 1674 2198 initiated
1708 2157 1840 2199 Latin

346 2215 503 2264 poetry
533 2214 577 2253 in
609 2211 757 2253 Greek
788 2216 960 2252 metres.
1022 2212 1092 2252 He
1120 2211 1314 2264 adapted
1347 2212 1466 2252 Attie
1495 2211 1729 2264 tragedies‚
1758 2225 1838 2262 ay.

345 2266 602 2314 Alcmaeon,
621 2265 786 2318 quoted
807 2270 847 2313 ἕξ
869 2269 938 2313 59,
960 2269 1029 2314 89,
1051 2266 1140 2306 and
1163 2270 1297 2306 wrote
1319 2266 1495 2306 Roman
1514 2278 1644 2311 ones;
1671 2265 1751 2305 but
1771 2265 1838 2306 his

344 2323 538 2372 greatest
559 2319 684 2360 work
708 2333 797 2360 was
821 2320 1037 2367 Annalem,
1059 2334 1117 2360 an
1142 2322 1239 2371 epic
1262 2319 1311 2359 of
1332 2320 1507 2360 Roman
1532 2320 1697 2370 history
1721 2319 1835 2360 from

346 2373 488 2413 which
511 2386 657 2414 comes
679 2374 753 2414 the
775 2378 875 2425 part
896 2373 945 2413 of
962 2387 989 2413 a
1010 2374 1262 2414 hexameter
1282 2373 1462 2425 quoted.
1518 2371 1589 2425 Cf.
1611 2377 1630 2421 ἓ
1653 2375 1721 2414 88.

407 2427 422 2451 ⁶
454 2428 547 2467 The
574 2427 694 2467 chief
719 2428 885 2467 Dorian
914 2429 1055 2467 comic
1089 2431 1205 2479 poet,
1233 2441 1266 2468 c.
1296 2429 1494 2468 540—450
1523 2440 1620 2475 B.c.‚
1646 2425 1761 2467 lived
1789 2429 1835 2467 at

346 2479 521 2521 Hiero's
542 2486 668 2522 court
690 2485 737 2521 at
760 2482 993 2532 Syracuse.

407 2540 422 2558 ⁰
451 2534 545 2576 The
559 2535 787 2576 character
802 2537 847 2576 in
865 2535 1074 2576 Ennius’s
1094 2534 1307 2588 tragedy:
1338 2547 1410 2576 see
1430 2539 1450 2583 ἓ
1471 2537 1522 2576 51
1549 2547 1592 2575 n.
1610 2533 1701 2574 and
1723 2537 1742 2581 ξ
1765 2537 1832 2575 89.

350 2603 443 2646 532
