1919 3006
960 198 1211 247 CICERO

340 332 587 375 rationem
608 335 697 375 aut
717 345 816 375 non
836 328 1023 375 bonam
1044 345 1071 375 a
1091 329 1248 376 nobis.
1312 329 1426 377 Non
1446 333 1581 377 enim
1601 338 1658 378 ut
1677 335 1829 394 patri-

340 410 564 453 monium
606 405 907 469 relinquitur
949 409 1018 453 sic
1059 410 1188 454 ratio
1232 414 1311 455 est
1352 407 1543 455 homini
1585 410 1832 456 beneficio

340 483 546 530 deorum
573 483 693 530 data
718 498 730 538 3
767 483 889 546 quid
914 486 1048 529 enim
1071 487 1238 546 potius
1262 482 1548 531 hominibus
1571 485 1832 533 dedissent

339 563 380 606 si
420 563 478 607 iis
521 576 703 607 nocere
746 559 1021 607 voluissent
1044 561 1062 606 ?
1119 564 1396 608 iniustitiae
1440 569 1613 609 autem
1649 566 1830 610 intem-

339 641 601 699 perantiae
628 637 916 685 timiditatis
943 654 1074 702 quae
1101 642 1294 685 semina
1320 646 1507 695 essent,
1533 643 1574 687 si
1598 639 1673 687 his
1700 643 1830 688 vitiis

339 717 467 761 ratio
492 731 592 761 non
617 716 849 762 subesset
873 715 891 761 ?

403 792 592 839 XXIX.
632 792 659 808 “
686 792 877 839 Medea
919 793 1069 839 modo
1124 800 1177 840 et
1230 794 1417 841 Atreus
1471 810 1831 841 commemora-

340 870 526 916 bantur
551 886 582 916 a
605 870 766 926 nobis,
785 868 1018 916 heroicae
1044 886 1308 932 personae,
1328 874 1455 917 inita
1479 871 1832 934 subductaque

263 952 315 992 72
342 950 537 993 ratione
556 945 751 993 nefaria
771 946 962 994 scelera
979 947 1306 994 meditantes.
1370 946 1506 1006 Quid
1528 947 1547 993 ?
1594 946 1831 995 levitates

339 1028 560 1071 comicae
613 1041 860 1088 parumne
913 1041 1116 1088 semper
1162 1028 1214 1071 in
1270 1028 1468 1072 ratione
1524 1032 1789 1074 versantur
1811 1025 1831 1073 ?

338 1118 584 1163 parumne
609 1102 864 1149 subtiliter
889 1102 1117 1164 disputat
1142 1101 1224 1148 ille
1249 1105 1301 1148 in
1325 1100 1571 1149 Eunucho
1594 1117 1607 1150 ε

456 1210 564 1263 quid
585 1213 719 1263 igitur
739 1212 937 1251 faciam?
967 1241 977 1251 .
1010 1241 1020 1251 .
1052 1241 1062 1252 .

455 1264 649 1313 exclusit,
672 1269 848 1306 revocat
867 1281 877 1312 ;
910 1264 1088 1306 redeam
1107 1268 1123 1305 ?
1155 1278 1243 1305 non
1265 1266 1302 1305 si
1323 1278 1393 1306 me
1414 1264 1624 1306 obsecret.

341 1360 431 1407 Ille
462 1377 579 1408 vero
610 1364 661 1407 in
691 1360 1008 1425 Synephebis
1040 1361 1459 1408 Academicorum
1488 1377 1627 1407 more
1658 1367 1834 1407 contra

339 1455 659 1485 communem
687 1442 975 1501 opinionem
1004 1455 1105 1486 non
1133 1439 1336 1486 dubitat
1363 1455 1591 1502 pugnare
1619 1441 1834 1494 ratione,

339 1519 424 1578 qui
464 1515 473 1532 ‘
494 1520 545 1562 in
588 1533 758 1563 amore
805 1533 1001 1563 summo
1020 1515 1031 1532 ’
1069 1514 1080 1532 ‘
1101 1532 1399 1579 summaque
1441 1518 1609 1578 inopia
1628 1514 1639 1532 '
1681 1531 1834 1562 suave

339 1609 446 1639 esse
469 1594 590 1640 dicit

454 1686 683 1733 parentem
706 1681 868 1722 habere
889 1695 1088 1729 avarum,
1111 1680 1370 1733 inlepidum,
1392 1682 1436 1721 in
1458 1680 1616 1721 liberos

454 1735 690 1783 difficilem,
713 1738 791 1788 qui
812 1739 854 1776 te
876 1749 955 1776 nec
977 1739 1095 1776 amet
1116 1748 1197 1776 nec
1217 1734 1392 1775 studeat
1412 1736 1533 1775 tui—

259 1837 312 1877 73
338 1838 493 1894 atque
545 1831 661 1878 huic
707 1831 985 1879 incredibili
1034 1834 1323 1878 sententiae
1369 1829 1675 1877 ratiunculas
1716 1845 1832 1893 sug·

335 1912 466 1972 gerit
493 1926 502 1955 ι

454 2022 533 2057 aut
553 2021 600 2058 tu
623 2016 745 2057 illum
767 2018 915 2057 fructu
936 2016 1066 2057 fallas
1087 2019 1166 2057 aut
1186 2028 1264 2069 per
1285 2015 1450 2056 litteras

453 2075 625 2112 avertas
647 2070 828 2123 aliquod
851 2084 1012 2111 nomen
1035 2074 1113 2111 aut
1132 2083 1211 2122 per
1231 2068 1451 2111 servolum

453 2126 673 2177 percutias
695 2124 908 2177 pavidum
928 2141 939 2171 ;
971 2128 1194 2176 postremo
1216 2137 1243 2164 a
1263 2136 1397 2176 parco
1418 2126 1544 2176 patre

455 2179 574 2230 quod
597 2192 761 2227 sumas,
784 2182 953 2231 quanto
974 2178 1159 2231 dissipes
1179 2176 1386 2218 libentius
1406 2181 1415 2217 !

337 2284 584 2348 Idemque
617 2284 817 2331 facilem
849 2292 902 2331 et
934 2283 1195 2330 liberalem
1223 2289 1423 2345 patrem
1453 2281 1826 2329 incommodum

337 2378 446 2409 esse
469 2366 660 2409 amanti
684 2362 782 2408 filio
805 2363 1034 2424 disputat
1057 2378 1068 2408 ς

1696 2459 1825 2471 ..a

762 2524 785 2547 θ
812 2521 1018 2616 Τρξεῐὲοε»,
1039 2519 1265 2615 Εαῃ.1]ἒεῒ
1285 2520 1311 2559 i.
1334 2519 1435 2561 init.

965 2588 1013 2616 ee
1034 2587 1091 2615 on
1113 2588 1140 2615 1.
1220 2603 1232 2615 .

341 2639 435 2688 356
