1919 3006
941 211 1193 260 CICERO

321 346 409 408 qui
433 349 511 391 est
533 358 703 390 versus
727 344 952 389 omnium
974 344 1249 389 seminator
1270 340 1533 390 malorum.

383 459 456 503 ille
474 465 669 501 traversa
689 463 836 500 mente
856 460 918 500 mi
938 458 1069 500 hodie
1088 458 1271 500 tradidit
1290 458 1503 511 repagula

381 514 542 568 quibus
556 528 637 567 ego
651 516 762 554 iram
774 526 953 554 omnem
965 512 1190 554 recludam
1202 517 1337 565 atque
1346 512 1409 554 illi
1420 514 1657 565 perniciem
1668 511 1802 562 dabo,

384 569 492 610 mihi
513 581 731 609 maerores
752 566 815 609 illi
833 566 1018 616 luctum,
1039 569 1221 608 exitium
1241 567 1304 608 illi
1323 566 1501 608 exilium
1521 567 1644 609 mihi.

322 674 471 723 Hanc
502 674 738 723 videlicet
767 677 1036 730 rationem,
1069 690 1222 737 quam
1253 690 1339 721 vos
1371 674 1539 721 divino
1569 673 1816 721 beneficio

322 741 513 789 homini
543 742 704 790 solum
735 743 983 789 tributam
1015 742 1198 797 dicitis,
1229 742 1426 788 bestiae
1457 757 1560 788 non
1589 739 1817 796 habent3

243 817 298 858 67
323 811 529 858 videsne
550 813 707 874 igitur
729 816 921 872 quanto
942 825 1154 856 munere
1177 809 1388 856 deorum
1410 811 1564 856 simus
1587 807 1776 856 adfecti
1797 808 1816 854 ?

322 878 497 942 Atque
522 878 703 925 eadem
729 876 921 924 Medea
942 884 1143 940 patrem
1166 879 1488 940 patriamque
1510 874 1730 940 fugiens,

1324 987 1563 1036 postquam
1583 987 1709 1036 pater

384 1038 717 1092 adpropinquat
736 1040 916 1091 iamque
936 1051 1078 1091 paene
1097 1041 1148 1079 ut
1168 1037 1553 1090 conprehendatur
1572 1040 1715 1090 parat,

382 1107 571 1147 puerum
593 1096 759 1134 interea
779 1093 1016 1134 obtruncat
1037 1091 1327 1144 membraque
1347 1091 1615 1133 articulatim
1636 1090 1794 1133 dividit

381 1161 549 1201 perque
569 1160 700 1200 agros
721 1149 887 1199 passim
908 1146 1122 1199 dispergit
1143 1159 1302 1199 corpus
1322 1163 1332 1187 ε
1365 1145 1411 1187 id
1432 1159 1485 1187 ea
1504 1147 1651 1199 gratia

381 1206 445 1250 ut,
467 1202 576 1243 dum
597 1203 691 1242 nati
711 1201 946 1253 dissipatos
968 1205 1089 1241 artus
1110 1204 1309 1253 captaret
1328 1213 1503 1253 parens,

382 1257 479 1309 ipsa
499 1258 665 1297 interea
687 1255 914 1308 effugeret,
936 1254 1061 1295 illum
1083 1259 1133 1295 ut
1154 1268 1326 1296 maeror
1345 1253 1541 1296 tardaret
1560 1254 1701 1307 sequi,

379 1310 463 1351 sibi
483 1309 673 1351 salutem
693 1314 743 1351 ut
763 1308 971 1350 familiari
991 1313 1165 1362 pareret
1184 1308 1433 1362 parricidio.

241 1424 296 1465 68
320 1417 453 1464 Huic
487 1423 546 1464 ut
579 1415 741 1464 scelus
777 1419 846 1463 sic
881 1432 945 1463 ne
979 1419 1109 1463 ratio
1145 1416 1351 1479 quidem
1386 1413 1565 1462 defuit.
1636 1413 1814 1473 Quid?

317 1484 401 1532 ille
420 1483 648 1531 funestas
675 1483 848 1547 epulas
873 1482 1017 1531 fratri
1042 1500 1319 1547 conparans
1339 1499 1506 1530 nonne
1525 1489 1694 1530 versat
1716 1481 1814 1529 huc

318 1559 373 1600 et
395 1551 511 1599 illuc
535 1555 846 1616 cogitatione
869 1554 1121 1599 rationem
1143 1552 1162 1598 ?

380 1672 520 1711 maior
541 1670 651 1711 mihi
672 1669 823 1718 moles,
845 1671 989 1710 maius
1011 1668 1331 1711 miscendumst
1350 1668 1534 1718 malum,

379 1727 456 1777 qui
476 1724 591 1765 ilh‘us
612 1724 823 1765 acerbum
844 1737 919 1765 cor
939 1723 1213 1765 contundam
1234 1728 1278 1765 et
1298 1726 1588 1776 conprimam.

315 1830 531 1879 XXVII.
569 1830 676 1877 Nec
699 1838 874 1877 tamen
897 1829 980 1877 ille
1004 1833 1112 1894 ipse
1137 1837 1216 1878 est
1237 1830 1640 1894 praetereundus

376 1950 455 2003 qui
475 1962 564 1990 non
585 1952 654 1990 sat
673 1948 831 1990 habuit
851 1950 1086 2002 coniugem
1108 1948 1250 1990 inlexe
1270 1950 1315 1990 in
1335 1953 1555 2002 stuprum,

321 2056 386 2104 de
410 2072 509 2120 quo
532 2062 671 2102 recte
696 2061 750 2103 et
773 2058 1048 2103 verissume
1071 2054 1294 2120 loquitur
1315 2056 1506 2104 Atreus
1527 2071 1542 2105 ι

354 2251 409 2343 9Ξ
430 2247 583 2341 ρι’ἓέζειὶῐι
602 2247 718 2289 from
737 2247 812 2289 the
835 2247 992 2288 Medea
1011 2248 1063 2289 of
1078 2248 1277 2295 Ennius;
1307 2248 1363 2302 cf.
1387 2248 1490 2290 Eur.
1517 2246 1632 2292 Med.
1653 2251 1733 2291 371
1756 2249 1806 2298 f..

378 2355 394 2380 ²²
428 2355 630 2407 Possibly
647 2356 764 2397 from
782 2355 858 2396 the
881 2354 1037 2396 Medea
1055 2356 1107 2396 of
1121 2356 1298 2404 Accius,
1318 2355 1375 2409 cs.
1396 2357 1440 2397 ii.
1462 2359 1531 2398 89.
1580 2356 1686 2398 This
1705 2360 1807 2410 part

318 2410 370 2452 of
385 2409 460 2450 the
480 2414 601 2461 story
622 2411 657 2450 is
679 2414 756 2450 not
776 2411 820 2450 in
842 2409 1090 2461 Euripides.

379 2469 393 2488 ⁰
425 2463 530 2504 This
561 2463 650 2504 and
680 2463 755 2504 the
786 2463 909 2504 three
938 2463 1165 2516 following
1195 2465 1449 2516 quotations
1479 2477 1554 2505 are
1582 2464 1698 2505 from
1729 2464 1804 2506 the

319 2519 485 2558 Atreus
503 2518 554 2558 of
568 2518 742 2558 Accius.
791 2518 953 2558 Atreus
971 2517 1231 2559 deliberatcs
1251 2518 1350 2559 how
1366 2522 1413 2560 to
1429 2517 1537 2559 take
1553 2531 1805 2572 vengeance

320 2584 377 2612 on
399 2571 465 2612 his
485 2571 664 2613 brother
683 2572 896 2624 Thyestes
914 2572 984 2612 for
1003 2571 1216 2625 seducing
1236 2572 1304 2614 his
1323 2573 1424 2613 wife
1443 2572 1632 2626 Aerope.

305 2640 400 2684 350
