1919 3006
883 199 1135 248 CICERO

263 324 472 374 Possum
509 344 618 374 esse
654 329 870 384 medius,
906 336 981 384 ut,
1018 332 1257 392 quoniam
1293 330 1582 391 Aristippus
1617 329 1759 390 quasi

264 404 488 446 animum
509 401 703 448 nullum
724 401 1003 449 habeamus
1027 419 1205 465 corpus
1228 401 1389 449 solum
1410 409 1603 457 tuetur,
1625 400 1761 447 Zeno

264 477 407 536 quasi
445 479 662 537 corporis
700 479 853 523 simus
893 483 1131 538 expertes
1170 480 1394 522 animum
1431 475 1592 523 solum
1628 491 1761 521 com-

263 547 521 610 plectitur,
546 557 605 596 ut
630 548 1005 612 Calliphontem
1031 567 1229 613 sequar,
1255 552 1394 596 cuius
1421 549 1627 612 quidem
1652 564 1764 595 sen-

265 625 484 668 tentiam
513 622 802 670 Carneades
831 628 906 671 ita
934 625 1158 671 studiose
1189 622 1535 670 defensitabat
1563 629 1622 669 ut
1651 637 1765 667 eam

264 697 479 758 probare
530 700 687 743 etiam
735 698 994 745 videretur
1043 699 1373 761 (quamquam
1423 694 1765 743 Clitomachus

267 770 570 817 adfirmabat
613 787 892 833 numquam
935 788 989 818 se
1031 771 1332 835 intellegere
1374 773 1600 834 potuisse
1644 768 1766 831 quid

267 844 517 891 Carneadi
563 846 921 909 probaretur);
987 847 1079 893 sed
1124 849 1165 893 si
1211 849 1366 892 istum
1414 845 1568 891 finem
1615 843 1765 890 velim

266 922 427 980 sequi,
468 934 635 965 nonne
676 921 785 981 ipsa
825 923 1010 966 veritas
1052 928 1107 967 et
1145 923 1310 984 gravis
1351 926 1406 966 et
1449 926 1592 965 recta
1634 920 1765 964 ratio

265 992 387 1038 mihi
418 994 731 1048 obversetur,
757 993 767 1009 ‘
787 994 968 1050 Tune,1
999 1011 1114 1041 cum
1143 994 1383 1041 honestas
1415 997 1468 1039 in
1499 992 1764 1056 voluptate

267 1067 642 1113 contemnenda
681 1071 941 1123 consistat,
982 1067 1307 1115 honestatem
1347 1085 1462 1114 cum
1501 1067 1764 1129 voluptate

162 1152 242 1191 140
266 1152 531 1207 tamquam
562 1143 820 1191 hominem
852 1163 967 1192 cum
997 1145 1150 1192 belua
1181 1145 1480 1208 copulabis?
1505 1144 1515 1160 '
1578 1144 1763 1191 XLVI.

268 1221 442 1268 Unum
462 1226 617 1286 igitur
636 1239 728 1284 par
749 1223 885 1286 quod
905 1224 1169 1287 depugnet
1187 1224 1396 1270 relicum
1418 1231 1513 1279 est,
1534 1222 1767 1286 voluptas

268 1313 383 1342 cum
406 1295 678 1344 honestate
702 1313 713 1352 3
757 1298 821 1344 de
846 1315 945 1361 quo
971 1298 1252 1363 Chrysippo
1275 1297 1374 1345 fuit
1397 1305 1647 1361 quantum
1671 1313 1768 1361 ego

267 1374 432 1418 sentio
471 1388 572 1417 non
610 1388 798 1436 magna
836 1376 1111 1420 contentio.
1186 1373 1418 1420 Alteram
1456 1377 1497 1420 si
1535 1388 1767 1436 sequare,

268 1445 430 1491 multa
461 1453 617 1492 ruunt
650 1453 704 1493 et
735 1451 957 1494 maxime
991 1451 1326 1495 communitas
1359 1465 1475 1495 cum
1505 1447 1767 1495 hominum

267 1536 475 1583 genere,
520 1523 702 1566 caritas
748 1524 970 1568 amicitia
1011 1525 1222 1577 iustitia,
1265 1522 1492 1585 reliquae
1535 1525 1768 1578 virtutes,

269 1611 482 1657 quarum
507 1611 615 1641 esse
639 1595 776 1641 nulla
797 1604 971 1658 potest
993 1599 1086 1642 nisi
1110 1600 1206 1643 erit
1229 1601 1471 1661 gratuita,
1494 1614 1612 1643 nam
1636 1613 1767 1660 quae

268 1668 531 1730 voluptate
553 1673 695 1731 quasi
713 1670 949 1716 mercede
971 1669 1137 1733 aliqua
1158 1672 1223 1718 ad
1240 1672 1456 1718 officium
1473 1670 1768 1734 impellitur,

269 1759 332 1788 ea
370 1759 470 1789 non
512 1751 590 1789 est
629 1746 787 1790 virtus
828 1744 919 1790 sed
958 1743 1111 1790 fallax
1151 1748 1370 1792 imitatio
1410 1745 1766 1809 simulatioque

269 1820 483 1863 virtutis.
554 1817 690 1864 Audi
725 1824 901 1863 contra
935 1817 1043 1865 illos
1079 1822 1166 1882 qui
1200 1835 1387 1865 nomen
1420 1818 1702 1867 honestatis
1739 1836 1766 1866 a

269 1907 322 1937 se
359 1907 423 1937 ne
459 1890 690 1954 intellegi
727 1891 933 1954 quidem
970 1893 1158 1949 dicant,
1192 1897 1286 1940 nisi
1321 1892 1453 1941 forte
1491 1894 1627 1957 quod
1661 1894 1766 1958 glo-

268 1968 455 2011 riosum
498 1968 563 2012 sit
603 1969 656 2011 in
696 1965 875 2028 vulgus
911 1966 963 2013 id
1003 1966 1275 2014 honestum
1310 1967 1521 2015 velimus
1562 1968 1765 2026 dicere3

265 2038 463 2086 fontem
516 2043 740 2085 omnium
791 2040 1038 2086 bonorum
1090 2044 1142 2087 in
1194 2057 1400 2104 corpore
1455 2059 1582 2098 esse,
1633 2042 1764 2090 hanc

265 2129 511 2168 normam,
548 2112 678 2159 hanc
714 2114 960 2177 regulam,
997 2113 1128 2162 hanc
1163 2119 1613 2179 praescriptionem
1650 2133 1760 2164 esse

266 2194 498 2242 naturae,
524 2203 554 2232 a
577 2203 678 2249 qua
704 2191 789 2250 qui
819 2189 1171 2245 aberravisset,
1197 2206 1314 2236 eum
1338 2207 1615 2253 numquam
1639 2192 1758 2254 quid

163 2270 237 2309 141
263 2264 315 2306 in
341 2264 447 2307 vita
471 2268 771 2323 sequeretur
795 2260 1102 2309 habiturum.
1165 2262 1300 2309 Nihil
1323 2267 1479 2328 igitur
1502 2282 1586 2313 me
1611 2274 1758 2329 puta-

266 2338 368 2390 tis,2
391 2333 517 2381 haec
542 2342 595 2380 et
619 2333 716 2379 alia
738 2335 1123 2382 innumerabilia
1145 2354 1259 2383 cum
1284 2339 1503 2394 audiam,
1525 2345 1713 2388 moveri
1738 2342 1757 2389 ?

263 2408 390 2454 Tam
417 2424 622 2455 moveor
647 2426 800 2472 quam
829 2417 904 2465 tu,
930 2409 1156 2466 Luculle,
1185 2427 1279 2458 nec
1301 2428 1384 2459 me
1412 2416 1577 2460 minus
1601 2413 1757 2461 homi-

715 2490 730 2513 1
759 2494 867 2530 tune
889 2490 1003 2530 Reid
1022 2508 1031 2530 ε
1065 2495 1160 2531 tum
1181 2493 1305 2532 codd.

565 2543 582 2568 ²
610 2543 789 2596 putabis
813 2544 1070 2586 Manutius:
1096 2549 1228 2597 putas
1251 2545 1452 2590 Goerem.

263 2596 358 2646 648
