1853 3001
862 238 1113 287 CICERO

240 375 570 434 inperitorum
598 377 656 417 ut
684 372 778 416 nisi
807 369 976 433 figuris
1005 369 1265 416 hominum
1293 373 1581 418 constitutis
1610 370 1732 419 nihil

239 460 447 516 possent
465 453 529 500 de
555 452 629 499 dis
654 450 1004 498 inmortalibus
1029 455 1284 515 cogitare;
1321 455 1459 499 cuius
1485 455 1731 515 opinionis

240 534 418 582 levitas
457 532 721 581 confutata
758 549 789 579 a
826 532 980 580 Cotta
1017 550 1117 579 non
1155 533 1412 580 desiderat
1450 537 1731 581 orationem

240 633 423 663 meam.
493 614 593 663 Sed
635 631 750 661 cum
791 613 949 661 talem
993 630 1102 661 esse
1145 615 1298 662 deum
1341 622 1481 661 certa
1522 619 1729 663 notione

242 701 394 745 animi
418 700 838 760 praesentiamus‚
862 699 1081 758 primum
1105 703 1163 743 ut
1187 699 1253 743 sit
1278 699 1522 753 animans,
1546 697 1732 744 deinde

242 787 301 827 ut
328 783 381 827 in
409 782 545 826 omni
573 785 756 824 natura
785 777 908 824 nihil
937 794 997 824 eo
1026 781 1092 824 sit
1119 781 1479 840 praestantius,
1509 778 1575 826 ad
1601 777 1732 825 hanc

241 863 651 926 praesensionem
668 862 1030 922 notionemque
1050 866 1274 906 nostram
1292 858 1414 905 nihil
1432 859 1578 907 video
1596 860 1732 923 quod

242 947 409 1007 potius
448 941 824 989 accommodem
861 957 1015 1004 quam
1051 948 1108 987 ut
1144 944 1362 1003 primum
1397 940 1531 988 hunc
1565 945 1732 1004 ipsum

241 1025 487 1073 mundum
505 1040 603 1087 quo
621 1021 743 1069 nihil
761 1021 1089 1069 excellentius
1108 1022 1216 1069 fieri
1230 1029 1404 1085 potest
1421 1026 1732 1070 animantem

159 1116 213 1155 46
239 1124 347 1155 esse
391 1114 444 1153 et
483 1106 636 1152 deum
675 1105 908 1151 iudicem.
979 1103 1070 1150 His
1111 1121 1265 1167 quam
1304 1104 1439 1151 volet
1486 1104 1731 1167 Epicurus

241 1194 451 1244 iocetur,
476 1187 626 1234 homo
651 1203 753 1233 non
782 1188 1069 1248 aptissimus
1104 1186 1168 1233 ad
1203 1186 1471 1233 iocandum
1503 1188 1732 1232 minime-

243 1287 343 1335 que
399 1273 663 1332 resipiens1
721 1270 957 1330 patriam,
1017 1274 1071 1314 et
1131 1267 1267 1315 dicat
1314 1284 1368 1314 se
1426 1284 1527 1314 non
1583 1283 1731 1330 posse

242 1351 541 1416 intellegere
590 1348 749 1413 qualis
798 1352 864 1396 sit
903 1347 1130 1395 volubilis
1185 1355 1239 1396 et
1288 1349 1534 1396 rotundus
1587 1349 1730 1406 deus,

241 1442 417 1482 tamen
443 1449 507 1479 ex
533 1431 629 1478 hoc
656 1432 793 1494 quod
821 1434 977 1477 etiam
1004 1433 1112 1493 ipse
1140 1430 1323 1493 probat
1350 1447 1629 1494 numquam
1645 1446 1730 1478 me

243 1516 497 1563 movebit:
535 1513 704 1577 placet
730 1515 865 1559 enim
896 1512 965 1559 illi
993 1527 1102 1559 esse
1128 1512 1266 1568 deos,
1292 1515 1410 1576 quia
1434 1528 1640 1560 necesse
1665 1515 1730 1560 sit

242 1603 591 1661 praestantem
640 1610 749 1641 esse
804 1593 1024 1656 aliquam
1071 1600 1306 1640 naturam
1351 1610 1451 1657 qua
1497 1593 1620 1640 nihil
1665 1597 1731 1641 sit

240 1679 433 1726 melius.
506 1676 702 1723 Mundo
733 1683 907 1722 autem
936 1682 1074 1722 certe
1104 1674 1227 1721 nihil
1256 1682 1333 1722 est
1362 1675 1555 1722 melius.
1624 1674 1732 1722 Nec

243 1761 452 1809 dubium
480 1762 601 1822 quin
627 1758 761 1821 quod
788 1760 1014 1804 animans
1041 1760 1105 1804 sit
1131 1756 1422 1820 habeatque
1448 1773 1651 1804 sensum
1677 1763 1731 1804 et

240 1847 491 1890 rationem
532 1847 587 1888 et
625 1846 855 1886 mentem
893 1838 946 1885 id
985 1842 1051 1885 sit
1090 1838 1268 1885 melius
1310 1855 1464 1902 quam
1502 1838 1555 1885 id
1595 1838 1729 1901 quod

158 1933 210 1972 47
235 1924 310 1971 his
347 1929 532 1970 careat.
603 1921 685 1968 Ita
719 1920 930 1967 efficitur
964 1923 1293 1976 animantem,
1332 1936 1506 1967 sensus
1543 1922 1729 1966 mentis

240 2008 446 2054 rationis
469 2003 715 2050 mundum
739 2018 848 2049 esse
871 2009 1159 2064 compotem
1182 2016 1194 2058 ;
1235 2018 1335 2065 qua
1357 2004 1554 2048 ratione
1576 2001 1729 2049 deum

243 2104 352 2136 esse
375 2086 621 2133 mundum
644 2083 971 2131 concluditur.

306 2168 454 2216 “Sed
501 2166 627 2214 haec
674 2165 823 2229 paulo
870 2172 986 2228 post
1023 2164 1215 2212 facilius
1253 2171 1620 2229 cognoscentur
1667 2180 1732 2212 ex

242 2255 299 2299 iis
330 2251 478 2297 rebus
508 2252 625 2311 ipsis
652 2264 776 2311 quas
801 2247 1017 2294 mundus
1043 2246 1208 2294 efficit.
1276 2245 1470 2293 XVIII.
1509 2245 1731 2301 Interea,

243 2332 418 2387 Vellei,
443 2330 544 2377 noli
579 2345 766 2393 quaeso
799 2344 921 2391 prae
954 2335 1009 2375 te
1042 2327 1174 2374 ferre
1199 2343 1284 2374 vos
1317 2326 1467 2389 plane
1494 2333 1729 2389 expertes

244 2430 355 2462 esse
402 2414 676 2460 doctrinae.
747 2411 942 2457 Conum
989 2410 1082 2456 tibi
1130 2412 1200 2456 ais
1249 2415 1303 2455 et
1349 2408 1630 2472 cylindrum
1676 2414 1730 2456 et

573 2540 592 2567 ²
622 2541 829 2591 resipiens
851 2539 952 2579 dete.
974 2555 985 2578 ε
1018 2539 1251 2590 respiciens
1273 2538 1333 2586 Α,
1353 2536 1407 2579 Β.

251 2665 345 2718 166
