1919 3006
921 196 1174 244 CICERO

298 323 564 372 fateretur.
619 324 681 371 In
701 325 883 373 eodem
903 333 1051 373 tanta
1069 327 1344 389 prudentia
1361 325 1460 375 fuit
1477 330 1531 374 in
1549 331 1791 376 constitu-

299 400 442 446 endis
469 401 919 463 temperandisque
946 402 1254 458 civitatibus,
1282 408 1431 450 tanta
1457 405 1707 466 aequitas,
1733 409 1794 450 ut

298 471 449 520 hodie
480 481 586 521 stet
615 476 739 522 Asia
770 475 966 522 Luculli
995 479 1243 524 institutis
1274 477 1532 524 servandis
1563 484 1619 523 et
1648 479 1792 540 quasi

299 552 524 613 vestigiis
548 551 928 614 persequendis.
982 549 1083 599 Sed
1109 555 1205 598 etsi
1223 569 1411 616 magna
1428 570 1543 600 cum
1567 552 1793 599 utilitate

299 628 372 672 rei
407 625 658 687 publicae,
694 632 870 673 tamen
906 627 1095 674 diutius
1132 643 1285 690 quam
1321 626 1505 674 vellem
1539 634 1689 674 tanta
1721 628 1796 674 vis

301 703 500 747 virtutis
536 707 692 765 atque
724 704 899 765 ingeni
931 706 1259 766 peregrinata
1293 701 1422 750 afuit
1455 703 1520 750 ab
1553 701 1708 750 oculis
1742 707 1798 749 et

301 775 394 823 fori
419 782 473 822 et
493 780 677 823 curiae.
736 776 872 835 Quin
895 780 1051 823 etiam
1074 794 1188 824 cum
1211 781 1370 825 victor
1392 795 1422 825 a
1444 776 1797 825 Mithridatico

301 850 435 898 bello
466 855 778 908 revertisset,
809 855 1126 899 inimicorum
1158 852 1411 900 calumnia
1444 855 1663 901 triennio
1694 858 1798 899 tar-

302 928 413 976 dius
440 944 594 990 quam
619 927 870 974 debuerat
887 926 1222 990 triumphavit
1244 943 1256 984 ;
1292 945 1382 976 nos
1409 931 1544 976 enim
1568 926 1798 975 consules

300 1005 673 1052 introduximus
701 1019 867 1066 paene
889 1006 941 1049 in
963 1003 1143 1050 urbem
1166 1020 1367 1050 currum
1389 1002 1648 1050 clarissimi
1671 1004 1763 1048 viri
1784 1015 1798 1058 3

303 1083 442 1127 cuius
491 1077 614 1124 mihi
667 1078 929 1125 consilium
980 1084 1034 1124 et
1083 1082 1358 1126 auctoritas
1408 1079 1532 1142 quid
1586 1084 1699 1125 tum
1746 1079 1800 1123 in

302 1157 536 1201 maximis
564 1154 715 1201 rebus
743 1152 1072 1216 profuissent¹
1105 1154 1328 1201 dicerem
1356 1156 1449 1200 nisi
1482 1153 1547 1200 de
1578 1168 1662 1199 me
1690 1155 1799 1215 ipso

304 1230 576 1277 dicendum
603 1236 756 1285 esset,
783 1229 920 1292 quod
944 1227 1039 1275 hoc
1064 1235 1297 1291 tempore
1323 1244 1425 1275 non
1451 1235 1531 1276 est
1555 1243 1764 1274 necesse
1786 1239 1800 1282 3

303 1309 480 1369 itaque
509 1305 717 1368 privabo
747 1306 916 1366 potius
945 1303 1086 1350 illum
1117 1304 1293 1350 debito
1321 1305 1616 1350 testimonio
1646 1317 1800 1366 quam

304 1381 357 1428 id
378 1398 494 1428 cum
514 1396 631 1426 mea
649 1379 802 1426 laude
823 1382 1206 1426 communicem.

256 1466 284 1505 4
371 1455 439 1502 ΙΙ.
477 1453 578 1501 Sed
615 1471 746 1518 quae
787 1454 1016 1517 populari
1050 1453 1210 1518 gloria
1244 1454 1469 1500 decorari
1501 1455 1556 1500 in
1591 1450 1801 1498 Lucullo

306 1531 613 1586 debuerunt,
639 1546 700 1576 ea
731 1528 839 1576 fere
865 1536 983 1576 sunt
1017 1536 1071 1575 et
1097 1528 1302 1576 Graecis
1328 1528 1512 1575 litteris
1544 1526 1803 1575 celebrata

308 1613 361 1653 et
382 1605 592 1653 Latinis.
648 1604 751 1652 Nos
777 1612 951 1651 autem
975 1603 1061 1650 illa
1085 1610 1300 1651 externa
1323 1620 1435 1650 cum
1461 1602 1652 1659 multis,
1676 1601 1803 1649 haec

306 1683 548 1727 interiora
594 1697 709 1726 cum
756 1682 928 1742 paucis
973 1694 1037 1725 ex
1083 1681 1192 1741 ipso
1240 1695 1394 1742 saepe
1441 1682 1802 1743 cognovimus3

308 1759 497 1801 maiore
537 1758 671 1801 enim
709 1755 876 1801 studio
915 1753 1153 1800 Lucullus
1191 1770 1306 1800 cum
1343 1757 1480 1800 omni
1516 1753 1802 1801 litterarum

308 1833 485 1894 generi
510 1837 622 1876 tum
646 1828 994 1892 philosophiae
1020 1829 1223 1875 deditus
1249 1827 1347 1876 fuit
1372 1845 1526 1892 quam
1552 1833 1638 1893 qui
1662 1828 1803 1875 illum

308 1906 615 1970 ignorabant
654 1905 1049 1959 arbitrabantur,
1089 1920 1182 1950 nec
1221 1920 1339 1951 vero
1377 1907 1589 1951 ineunte
1629 1911 1803 1951 aetate

310 1981 471 2028 solum
500 1981 591 2028 sed
621 1987 675 2027 et
702 1997 793 2042 pro
823 1986 1094 2043 quaestore
1125 1979 1318 2043 aliquot
1347 1996 1503 2027 annos
1533 1987 1588 2027 et
1614 1983 1668 2026 in
1694 1983 1803 2042 ipso

310 2056 461 2112 bello,
492 2059 544 2102 in
577 2073 676 2119 quo
707 2059 782 2102 ita
811 2071 1000 2119 magna
1029 2057 1102 2101 rei
1134 2055 1363 2103 militaris
1396 2071 1506 2103 esse
1538 2058 1803 2118 occupatio

310 2130 440 2178 solet
475 2138 533 2177 ut
574 2147 674 2177 non
708 2130 927 2177 multum
968 2133 1262 2192 imperatori
1297 2131 1391 2178 sub
1432 2134 1551 2193 ipsis
1585 2129 1801 2193 pellibus

311 2209 401 2253 otii
433 2205 762 2268 relinquatur.
833 2204 961 2251 Cum
991 2211 1166 2251 autem
1196 2220 1224 2251 e
1259 2203 1567 2268 philosophis
1595 2209 1801 2270 ingenio

696 2313 713 2338 ¹
740 2313 978 2365 profuisset
994 2313 1116 2353 codd.
1129 2312 1228 2364 fere
1250 2327 1408 2354 omnes,

370 2453 390 2472 ⁶
419 2448 480 2488 At
498 2447 571 2488 the
591 2447 676 2487 end
698 2447 746 2487 of
762 2450 813 2487 67
838 2460 916 2487 B.c.

373 2502 389 2526 ὸ
422 2504 573 2542 (ῥίοεπο
601 2503 636 2541 is
665 2500 890 2541 doubtlcss
917 2499 1128 2549 thinking
1155 2501 1315 2552 chiefly
1344 2501 1394 2541 of
1418 2501 1492 2542 the
1519 2504 1802 2555 suppression

313 2556 363 2596 of
383 2557 455 2597 the
478 2554 804 2607 revolutionary
825 2557 1086 2607 conspiracy
1108 2554 1179 2595 led
1202 2554 1264 2607 by
1287 2554 1489 2596 Catiline.

312 2620 405 2668 468
