1919 3006
958 153 1208 201 CICERO

336 284 621 344 conparatis
662 288 795 328 artes
837 298 1038 345 quoque
1078 283 1316 329 efficimus
1355 286 1542 345 partim
1580 283 1645 331 ad
1683 300 1829 331 usum

338 352 471 395 vitae
492 352 678 411 partim
698 349 762 396 ad
781 348 1177 396 oblectationem
1195 354 1516 398 necessarias.
1583 350 1692 397 Iam
1711 367 1829 398 vero

336 417 540 463 domina
576 433 762 471 rerum,
799 423 858 463 ut
894 433 980 463 vos
1017 416 1189 464 soletis
1226 417 1412 474 dicere,
1450 417 1720 481 eloquendi
1757 421 1828 465 vis

336 500 489 547 quam
518 491 596 530 est
627 483 885 546 praeclara
914 500 1170 547 quamque
1203 485 1402 532 divina:
1449 501 1581 548 quae
1611 488 1831 548 primum

336 551 488 597 efficit
521 558 579 597 ut
615 558 668 598 et
703 567 764 597 ea
798 567 929 614 quae
963 555 1252 614 ignoramus
1287 552 1479 599 discere
1515 559 1569 600 et
1603 568 1665 599 ea
1699 568 1830 616 quae

336 621 518 665 scimus
553 617 673 664 alios
708 619 889 665 docere
923 621 1204 680 possimus3
1256 619 1441 666 deinde
1474 618 1569 666 1130
1602 618 1832 666 cohorta-

336 701 449 731 mur
481 684 575 731 hac
608 685 989 748 persuademus,
1022 685 1117 732 hac
1150 685 1464 733 consolamur
1496 686 1704 734 afflictos
1736 685 1832 733 1130

337 752 631 799 deducimus
663 756 959 814 perterritos
995 769 1024 798 a
1057 756 1257 809 timore,
1281 753 1376 800 hac
1405 758 1686 817 gestientes
1717 770 1833 800 con-

335 823 596 882 primimus
641 819 736 866 1130
781 821 1088 882 cupiditates
1133 821 1518 884 iracundiasque
1562 823 1833 884 restingui-

334 903 465 943 mus,
488 886 614 933 haec
638 904 727 934 nos
751 890 869 934 iuris
893 887 1067 951 legum
1090 889 1291 934 urbium
1315 892 1561 935 societate
1585 889 1832 944 devinxit,

233 958 311 999 149
335 953 463 1000 haec
502 971 531 1000 a
571 957 675 1000 vita
713 958 904 1000 inmani
945 962 997 1001 et
1036 953 1145 1001 fera
1183 959 1487 1019 segregavit.
1562 956 1646 1003 Ad
1683 971 1832 1001 usum

336 1028 511 1068 autem
542 1025 780 1068 orationis
817 1021 1110 1069 incredibile
1143 1030 1238 1079 est,
1270 1026 1330 1069 si1
1361 1022 1633 1087 diligenter
1664 1029 1833 1069 atten-

335 1088 486 1145 deris,
518 1096 711 1152 quanta
742 1106 896 1151 opera
926 1088 1217 1136 machinata
1246 1097 1431 1137 natura
1460 1093 1541 1137 sit.
1607 1089 1832 1136 Primum

336 1159 472 1203 enim
516 1172 546 1202 a
588 1155 909 1219 pulmonibus
955 1160 1140 1204 arteria
1183 1173 1344 1220 usque
1388 1157 1455 1205 ad
1497 1173 1551 1204 os
1593 1160 1831 1203 intimum

335 1227 580 1286 pertinet,
605 1240 696 1286 per
729 1241 882 1286 quam
915 1240 1012 1271 vox
1045 1228 1345 1287 principium
1378 1241 1409 1271 a
1439 1231 1615 1271 mente
1641 1224 1830 1271 ducens

336 1294 612 1353 percipitur
638 1298 690 1338 et
715 1290 959 1339 funditur.
1019 1291 1222 1339 Deinde
1245 1295 1298 1338 in
1323 1308 1408 1338 ore
1433 1295 1532 1339 sita
1554 1291 1728 1355 lingua
1753 1298 1832 1339 est

337 1358 500 1404 finita²
545 1359 820 1414 dentibus;
885 1375 946 1405 ea
989 1375 1166 1406 vocem
1208 1359 1526 1407 inmoderate
1574 1357 1831 1421 profusam

337 1424 483 1488 fingit
527 1433 581 1473 et
621 1430 865 1473 terminat
908 1432 1064 1489 atque
1106 1443 1253 1474 sonos
1295 1430 1428 1474 vocis
1470 1426 1734 1474 distinctos
1778 1432 1833 1472 et

335 1508 531 1555 pressos
568 1493 719 1540 efficit
754 1510 869 1541 cum
907 1499 980 1540 et³
1008 1494 1190 1541 dentes
1228 1499 1302 1541 et⁴
1330 1493 1451 1541 alias
1487 1501 1658 1556 partes
1686 1491 1832 1556 pellit

336 1563 448 1607 oris.
528 1560 712 1624 Itaque
749 1560 928 1623 plectri
967 1561 1181 1608 similem
1215 1561 1441 1626 linguam
1476 1564 1635 1608 nostri
1666 1559 1833 1607 solent

335 1627 521 1684 dicere,
557 1627 856 1675 chordarum
891 1629 1091 1685 dentes,
1125 1645 1272 1676 nares
1302 1629 1534 1676 cornibus
1563 1631 1621 1675 iis
1651 1631 1737 1691 qui
1767 1627 1832 1675 ad

336 1711 514 1741 nervos
537 1703 779 1743 resonant
801 1700 853 1742 in
877 1697 1124 1743 cantibus,

231 1768 309 1809 150
398 1761 504 1809 LX.
541 1770 571 1791 “
589 1763 755 1822 Quam
775 1781 892 1811 vero
913 1772 1057 1828 aptas
1078 1779 1333 1827 quamque
1351 1761 1627 1809 multarum
1644 1763 1829 1808 artium

336 1832 589 1877 ministras
630 1848 809 1878 manus
851 1840 1034 1879 natura
1075 1830 1264 1877 homini
1308 1831 1466 1878 dedit.
1537 1829 1829 1893 Digitorum

338 1901 472 1942 enim
513 1902 790 1945 contractio
830 1897 989 1946 facilis
1029 1898 1290 1961 facilisque
1331 1900 1580 1960 porrectio
1619 1902 1829 1958 propter

336 1963 511 2011 molles
544 1969 892 2013 commissuras
927 1974 981 2014 et
1014 1973 1152 2012 artus
1185 1964 1321 2011 nullo
1353 1968 1406 2011 in
1437 1971 1580 2010 motu
1612 1963 1824 2010 laborat.

339 2030 522 2094 Itaque
550 2033 615 2080 ad
642 2034 975 2096 pingendum,
999 2034 1139 2082 <ad>⁵
1166 2032 1478 2096 fingendum,
1508 2032 1572 2078 ad
1599 2029 1825 2092 scalpen-

336 2098 473 2154 dum,
517 2100 582 2147 ad
636 2117 902 2147 nervorum
955 2100 1223 2147 eliciendos
1278 2115 1424 2146 sonos
1476 2114 1534 2145 30
1585 2098 1825 2144 tibiarum

339 2172 462 2227 apta
489 2182 668 2213 manus
703 2175 781 2214 est
817 2169 1106 2215 admotione
1140 2168 1428 2230 digitorum.
1497 2166 1671 2228 Atque
1699 2163 1825 2211 haec

478 2262 496 2289 ¹
525 2265 563 2304 si
587 2263 803 2316 Madviy:
837 2266 933 2306 nisi.
1145 2264 1162 2289 ²
1190 2264 1362 2304 munita
1380 2262 1674 2304 Baenemann.

509 2318 528 2343 ⁸
557 2322 600 2358 et
620 2318 677 2358 ad
699 2320 740 2358 Α
765 2333 874 2360 corr.
1403 2317 1421 2341 ⁴
1450 2321 1493 2357 et
1513 2315 1570 2356 ad
1592 2315 1652 2357 Α.

585 2372 601 2396 ⁵
633 2372 735 2412 add.
758 2374 893 2413 Ald.=
928 2370 1222 2424 [fingendum]
1245 2372 1265 2411 ?
1283 2371 1341 2423 cf.
1363 2374 1383 2418 ξ
1407 2373 1485 2410 145
1507 2370 1572 2410 ed.

385 2461 403 2479 ‘²
433 2455 524 2496 The
547 2457 765 2496 vibration
793 2457 841 2497 of
866 2457 940 2497 the
970 2457 1130 2497 hollow
1160 2457 1293 2497 horns
1322 2468 1380 2496 no
1408 2454 1550 2496 doubt
1578 2449 1824 2494 intensified

329 2508 404 2549 the
426 2508 568 2550 sound
590 2509 639 2550 of
655 2511 729 2552 the
749 2513 926 2564 strings.

336 2571 431 2620 266
