1919 3006
942 160 1192 207 CICERO

323 287 458 336 haud
491 306 610 336 sane
645 291 839 336 difficile
871 291 1009 337 dictu
1041 298 1135 347 est,
1165 291 1254 338 sed
1283 298 1458 338 tamen
1486 298 1810 354 praetereun-

322 362 444 408 dum
479 370 556 410 est
589 379 652 409 ne
687 364 808 425 quid
842 362 1030 410 habeat
1062 364 1444 410 injucunditatis
1477 366 1652 410 oratio.
1721 361 1811 408 Illa

321 437 489 496 potius
528 434 808 497 explicetur
843 436 1146 482 incredibilis
1177 434 1367 482 fabrica
1396 442 1645 482 naturae:
1693 451 1811 481 nam

323 522 454 568 quae
486 510 663 569 spiritu
694 512 745 554 in
776 507 1039 570 pulmones
1072 512 1239 554 anima
1269 508 1486 563 ducitur,
1518 523 1580 554 ea
1608 506 1812 554 calescit

321 581 539 639 primum
556 582 664 642 ipso
683 581 746 626 ab
765 583 959 642 spiritu,
978 580 1162 627 deinde
1180 583 1482 643 contagione
1498 578 1811 642 pulmonum,

323 666 386 696 ex
424 667 585 713 eaque
627 667 741 714 pars
779 652 1009 698 redditur
1041 652 1351 714 respirando,
1385 668 1500 714 pars
1535 654 1812 714 concipitur

322 723 482 769 cordis
507 730 652 785 parte
680 725 898 787 quadam
925 741 1076 788 quem
1101 723 1433 770 ventriculum
1458 724 1619 770 cordis
1642 721 1812 786 appel-

322 794 446 851 lant,
476 799 554 842 cui
584 797 755 843 similis
786 797 914 844 alter
944 798 1209 844 adiunctus
1241 804 1318 843 est
1346 800 1398 842 in
1427 812 1579 860 quem
1609 798 1812 859 sanguis

323 884 350 913 a
374 871 537 915 iecore
561 885 651 931 per
675 885 855 915 venam
877 869 1014 915 illam
1038 886 1212 916 cavam
1234 868 1401 916 influit
1423 885 1435 925 3
1477 885 1639 932 eoque
1662 869 1812 915 modo

323 955 385 985 ex
413 939 488 987 his
514 943 743 1003 partibus
773 951 825 989 et
853 946 1055 1006 sanguis
1081 959 1173 1005 per
1200 958 1352 988 venas
1379 945 1431 987 in
1458 958 1607 989 omne
1634 958 1812 1004 corpus

322 1011 619 1060 diffunditur
647 1021 699 1061 et
727 1019 929 1077 spiritus
955 1032 1048 1078 per
1075 1019 1283 1062 arterias
1307 1030 1318 1070 ;
1364 1021 1612 1078 utraeque
1639 1021 1812 1061 autem

321 1086 527 1132 crebrae
540 1086 835 1150 multaeque
849 1094 960 1133 toto
974 1103 1180 1149 corpore
1193 1090 1424 1132 intextae
1438 1089 1539 1132 vim
1557 1086 1811 1149 quandam

319 1159 664 1205 incredibilem
716 1159 964 1206 artificiosi
1017 1163 1181 1222 operis
1231 1160 1487 1222 divinique
1536 1165 1808 1205 testantur.

216 1235 296 1275 139
321 1229 456 1288 Quid
478 1231 642 1277 dicam
665 1232 728 1278 de
751 1233 942 1278 ossibus
966 1232 984 1278 ?
1027 1248 1157 1295 quae
1187 1233 1415 1278 subiecta
1443 1233 1635 1293 corpori
1663 1233 1811 1276 mira-

318 1301 444 1349 biles
469 1307 816 1350 commissuras
841 1302 1034 1350 habent
1060 1310 1113 1350 et
1139 1303 1203 1350 ad
1227 1302 1561 1350 stabilitatem
1586 1310 1730 1366 aptas
1757 1309 1810 1348 et

321 1375 385 1421 ad
411 1382 548 1422 artus
574 1375 818 1423 finiendos
845 1376 1254 1423 adcommodatas
1281 1383 1334 1423 et
1359 1376 1423 1423 ad
1446 1382 1642 1422 motum
1667 1382 1720 1422 et
1746 1375 1809 1421 ad

320 1464 522 1494 omnem
539 1452 757 1511 corporis
778 1453 1043 1496 actionem.
1095 1448 1208 1495 Huc
1229 1449 1358 1495 adde
1373 1465 1569 1504 nervos,
1585 1465 1613 1494 a
1627 1449 1808 1512 quibus

320 1526 457 1566 artus
495 1523 836 1577 continentur,
876 1537 1151 1584 eorumque
1188 1521 1565 1583 inplicationem
1603 1536 1808 1583 corpore

319 1598 429 1638 toto
453 1596 816 1654 pertinentem,
841 1596 927 1656 qui
951 1596 1080 1639 sicut
1103 1609 1263 1639 venae
1289 1599 1342 1639 et
1366 1595 1582 1639 arteriae
1606 1608 1636 1638 a
1658 1592 1807 1639 corde

319 1667 469 1710 tracti
495 1671 548 1710 et
570 1663 804 1727 profecti1
828 1668 880 1710 in
903 1681 1081 1727 corpus
1105 1681 1254 1711 omne
1278 1665 1545 1711 ducuntur.

215 1742 295 1782 140
383 1735 515 1782 LVI.
552 1743 581 1763 ‘⁶
601 1737 684 1783 Ad
703 1735 831 1783 hanc
850 1737 1220 1799 providentiam
1240 1744 1452 1783 naturae
1471 1743 1579 1783 tam
1598 1735 1809 1800 diligen-

318 1815 425 1854 tem
443 1815 652 1871 tamque
672 1808 927 1855 sollertem
948 1810 1152 1873 adiungi
1172 1809 1334 1856 multa
1349 1816 1561 1872 possunt
1579 1825 1607 1856 e
1625 1809 1806 1871 quibus

318 1880 645 1944 intellegatur
682 1888 904 1944 quantae
935 1898 1014 1928 res
1047 1880 1331 1928 hominibus
1363 1898 1394 1928 a
1424 1881 1520 1929 dis2
1551 1897 1806 1945 quamque

320 1956 535 1999 eximiae
581 1953 804 1999 tributae
850 1957 965 2000 sint.
1051 1953 1214 2012 Quae³
1260 1957 1478 2017 primum
1523 1969 1608 2000 eos
1652 1951 1806 1999 humo

320 2029 566 2072 excitatos
611 2025 766 2071 celsos
812 2032 866 2072 et
913 2033 1107 2072 erectos
1151 2030 1453 2082 constituit,⁴
1497 2033 1556 2073 ut
1596 2027 1805 2074 deorum

318 2101 658 2160 cognitionem
685 2097 879 2144 caelum
905 2101 1164 2144 intuentes
1190 2114 1371 2160 capere
1396 2105 1617 2161 possent.
1677 2097 1806 2145 Sunt

627 2213 643 2238 ²
672 2215 734 2254 sic
755 2214 877 2259 edd.;
909 2217 1073 2254 tractae
1095 2218 1138 2254 et
1157 2214 1380 2266 profectae
1402 2225 1502 2255 MSS.

393 2267 412 2294 ²
442 2281 465 2307 a
488 2267 555 2308 dis
576 2268 672 2308 secl.
698 2267 954 2307 Scleomann.
1073 2268 1090 2292 ³
1121 2281 1235 2319 quae
1257 2268 1505 2309 Asconius:
1537 2271 1613 2322 qui
1637 2280 1736 2312 MSS.

822 2322 838 2346 ⁴
869 2323 1189 2362 constituerunt
1211 2322 1313 2362 dett.

367 2464 386 2482 ⁶
413 2458 508 2498 The
537 2456 708 2498 Greeks
737 2455 844 2498 used
879 2456 953 2498 the
983 2470 1105 2497 same
1134 2456 1255 2498 word
1285 2458 1440 2499 nem-02·
1467 2459 1537 2500 for
1566 2459 1687 2507 both,
1719 2458 1807 2501 and

313 2512 389 2553 did
411 2517 488 2552 not
507 2512 670 2564 clearly
691 2511 957 2564 distinguish
979 2511 1114 2553 them.

315 2575 411 2624 256
