1853 3001
882 185 1135 234 CICERO

267 318 488 383 quodam
510 320 833 380 sapientium,
857 334 956 381 quo
977 317 1170 364 facilius
1194 321 1385 365 animos
1407 321 1757 381 imperitorum

268 386 334 433 ad
353 387 561 433 deorum
583 385 775 432 cultum
796 402 826 431 a
845 388 980 431 vitae
1001 389 1253 447 pravitate
1273 393 1646 442 converterent,
1667 392 1758 433 aut

267 456 644 516 superstitione,
680 460 740 499 ut
777 459 948 499 essent
985 452 1248 499 simulacra
1286 470 1416 516 quae
1453 459 1756 500 venerantes

267 521 389 568 deos
406 524 539 582 ipsos
560 536 612 566 se
633 520 771 567 adire
793 520 1092 567 crederent?
1142 521 1413 567 Auxerunt
1436 527 1609 567 autem
1630 519 1757 567 haec

268 587 449 635 eadem
467 592 673 650 poetae,
691 590 927 650 pictores,
952 587 1180 649 opifices3
1218 595 1328 634 erat
1346 590 1479 633 enim
1495 604 1595 634 non
1609 586 1756 634 facile

269 658 467 720 agentis
501 654 691 717 aliquid
724 661 777 701 et
808 654 1062 701 molientis
1096 655 1216 702 deos
1248 658 1300 700 in
1334 654 1543 701 aliarum
1575 654 1758 702 forma-

267 739 379 769 rum
414 725 699 768 imitatione
735 738 949 768 servare.
1019 723 1246 769 Accessit
1283 725 1439 768 etiam
1462 725 1562 769 ista
1589 725 1757 785 opinio

267 788 481 836 fortasse
522 790 658 852 quod
696 787 886 835 homini
925 788 1128 836 homine
1166 788 1420 852 pulchrius
1460 788 1584 836 nihil
1621 789 1759 836 vide-

268 858 457 904 batur.1
523 856 624 903 Sed
645 863 704 903 tu
726 855 837 912 hoe,
852 855 1078 920 physice,
1100 873 1201 903 non
1223 857 1380 912 vides,
1397 873 1550 919 quam
1572 855 1759 904 blanda

269 923 579 971 conciliatrix
607 930 661 969 et
685 926 828 986 quasi
852 927 928 969 sui
964 927 1029 970 sit
1063 923 1180 970 lena
1214 925 1437 970 natura?
1491 925 1574 970 An
1607 930 1759 987 putas

269 991 423 1038 ullam
458 1007 567 1037 esse
599 998 737 1037 terra
768 994 996 1053 marique
1029 991 1233 1037 beluam
1267 1007 1398 1054 quae
1431 1008 1532 1038 non
1564 994 1641 1038 sui
1673 1006 1760 1055 ge-

267 1062 400 1105 neris
428 1057 579 1105 belua
605 1061 827 1104 maxime
856 1058 1141 1105 delectetur
1163 1059 1181 1104 ?
1249 1058 1399 1116 Quod
1426 1061 1478 1104 ni
1504 1061 1578 1104 ita
1606 1064 1759 1114 esset,

267 1143 356 1172 cur
391 1143 491 1172 non
523 1128 739 1190 gestiret
763 1133 938 1172 taurus
966 1142 1127 1188 equae
1154 1129 1572 1181 contrectatione,
1599 1141 1758 1189 equus

267 1209 448 1239 vaccae
472 1193 490 1239 ?
557 1193 640 1239 An
667 1200 725 1239 tu
754 1192 974 1255 aquilam
1003 1200 1092 1239 aut
1118 1193 1319 1239 leonem
1347 1200 1436 1240 aut
1463 1192 1758 1255 delphinum

268 1260 421 1307 ullam
457 1259 711 1306 anteferre
747 1277 920 1306 censes
955 1260 1169 1324 figuram
1203 1261 1365 1307 suae?
1434 1259 1570 1318 Quid
1602 1263 1759 1323 igitur

266 1331 449 1374 mirum
471 1330 511 1374 si
532 1326 626 1374 hoc
649 1328 830 1374 eodem
851 1328 1001 1374 modo
1023 1326 1213 1374 homini
1234 1335 1417 1374 natura
1436 1330 1759 1391 praescripsit

268 1402 327 1442 ut
362 1394 484 1441 nihil
513 1394 767 1457 pulchrius
805 1412 957 1457 quam
987 1394 1244 1441 hominem
1279 1396 1524 1457 putaret?
1580 1433 1590 1442 .
1644 1433 1654 1442 .
1739 1399 1757 1424 ²

270 1478 383 1509 eam
396 1478 504 1508 esse
521 1479 723 1508 causam
740 1479 827 1508 cur
837 1463 957 1509 deos
973 1461 1234 1508 hominum
1250 1462 1421 1509 similis
1436 1461 1757 1525 putaremus?

189 1535 244 1577 ’18
336 1528 520 1587 “Quid
561 1546 735 1576 censes
778 1533 817 1576 si
853 1533 1002 1576 ratio³
1046 1536 1181 1576 esset
1222 1533 1274 1575 in
1322 1529 1516 1576 beluis?
1568 1533 1757 1576 nonne⁴

269 1613 359 1643 suo
407 1613 634 1660 quasque
682 1600 859 1660 generi
906 1596 1177 1659 plurimum
1224 1597 1502 1644 tributuras
1560 1595 1756 1643 fuisse?

267 1663 511 1710 XXVIII.
548 1665 621 1710 At
650 1663 938 1710 mehercule
972 1681 1066 1728 ego
1099 1665 1284 1725 (dicam
1317 1667 1451 1710 enim
1483 1670 1542 1710 ut
1572 1661 1756 1725 sentio)

269 1734 496 1794 quamvis
540 1748 704 1777 amem
747 1735 854 1794 ipse
896 1748 997 1787 me,
1034 1739 1210 1778 tamen
1251 1748 1352 1778 non
1389 1731 1552 1778 audeo
1589 1731 1757 1778 dicere

269 1797 604 1861 pulchriorem
624 1815 731 1845 esse
751 1815 834 1845 me
858 1815 1012 1861 quam
1033 1798 1116 1846 ille
1138 1797 1295 1846 fuerit
1315 1805 1490 1845 taurus
1513 1800 1600 1862 qui
1616 1800 1758 1844 vexit

270 1866 561 1928 Europam3
614 1883 715 1912 non
758 1869 892 1912 enim
935 1865 1027 1912 hoc
1069 1865 1177 1913 loco
1214 1866 1278 1913 de
1314 1868 1530 1929 ingeniis
1567 1871 1657 1911 aut
1693 1865 1757 1912 de

269 1934 598 1980 orationibus⁵
619 1936 801 1980 nostris
821 1934 910 1980 sed
929 1934 992 1980 de
1013 1936 1179 1996 specie
1199 1934 1461 1997 figuraque
1481 1935 1755 1996 quaeritur.

270 1999 462 2058 Quodsi
510 2000 702 2064 fingere
749 2001 891 2047 nobis
940 2007 994 2048 et
1038 2004 1250 2064 iungere
1297 1999 1482 2047 formas
1529 1998 1758 2055 velimus,

440 2138 458 2164 ¹
487 2138 826 2217 videbatur2(vel
847 2138 1037 2190 videtur)
1062 2138 1332 2180 Ξσῆὅῃιαηηε
1365 2137 1578 2180 videatur.

265 2244 285 2271 ⁸
314 2247 454 2287 oratio
474 2246 720 2288 Dumesnil.
764 2193 1145 2288 ἰαῗαῐΐιῑὲτγιιῐῑιέἰέἷῖφῗὶισ
1151 2193 1358 2289 ηλὲξῖῃονό
1389 2245 1632 2287 rationibus
1651 2247 1673 2287 ?
1691 2244 1757 2287 ed.

443 2440 461 2459 ⁰
492 2434 626 2476 Some
646 2435 789 2476 words
810 2448 977 2488 appear
997 2439 1042 2476 to
1065 2435 1176 2476 have
1196 2435 1308 2476 been
1328 2434 1414 2476 lost
1434 2435 1550 2476 here.

387 2487 404 2512 ὃ
436 2488 630 2540 Perhaps
652 2489 726 2530 the
745 2494 837 2530 text
857 2488 1015 2529 should
1036 2489 1092 2530 be
1112 2489 1333 2530 corrected
1355 2489 1433 2530 to‘
1453 2487 1626 2541 speech.
1631 2486 1646 2507 ’

375 2548 389 2567 ⁶
420 2542 501 2583 Pe1
504 2543 615 2595 haps
636 2543 710 2584 the
729 2547 821 2584 text
839 2542 999 2584 should
1020 2543 1075 2584 be
1096 2543 1319 2584 corrected
1339 2543 1417 2584 to‘
1438 2539 1660 2584 rational?

268 2608 332 2656 74
