1853 3001
851 260 1103 309 CICERO

228 393 404 454 possit,
431 391 551 454 quid
586 398 664 438 est
701 391 837 454 quod
873 390 997 438 ullos
1035 391 1140 439 deis
1173 391 1525 440 inmortalibus
1556 391 1723 440 cultus

228 470 443 519 honores
466 489 642 534 preces
671 472 999 519 adhibeamus
1019 475 1037 520 ?
1108 474 1167 520 In
1186 477 1354 536 specie
1377 481 1552 521 autem
1572 473 1723 521 fictae

226 553 558 601 simulationis
581 557 712 601 sicut
734 554 959 617 reliquae
983 558 1197 601 virtutes
1220 558 1347 602 item
1369 558 1535 618 pietas
1557 558 1723 602 inesse

228 652 329 682 non
350 642 541 697 potest,
564 652 679 682 cum
703 652 804 699 qua
826 635 974 683 simul
997 640 1326 683 sanctitatem
1350 643 1404 684 et
1425 636 1723 701 religionem

227 716 337 763 tolli
365 733 571 763 necesse
605 724 717 773 est3
766 718 948 780 quibus
984 717 1195 764 sublatis
1233 719 1552 781 perturbatio
1587 721 1723 764 vitae

179 802 458 861 4sequitur
504 805 558 845 et
598 815 786 862 magna
826 798 1089 855 confusio,1
1126 807 1282 863 atque
1328 798 1466 846 haud
1511 802 1612 847 scio
1659 815 1724 845 an

224 883 421 941 pietate
449 879 687 926 adversus
714 880 835 926 deos
863 880 1065 927 sublata
1091 881 1216 927 fides
1244 884 1401 928 etiam
1428 887 1483 928 et
1508 883 1724 927 societas

224 964 425 1024 generis
451 959 660 1007 humani
687 968 741 1008 et
767 978 870 1008 una
896 961 1322 1009 excellentissima
1346 965 1504 1009 virtus
1529 964 1726 1009 iustitia

222 1041 446 1089 tollatur.

289 1122 420 1170 Sunt
459 1131 634 1170 autem
675 1123 757 1170 alii
796 1123 1097 1187 philosophi,
1138 1131 1193 1172 et
1230 1127 1265 1171 ii
1305 1124 1513 1188 quidem
1551 1125 1726 1187 magni

226 1212 383 1268 atque
433 1205 644 1260 nobiles,
696 1208 782 1269 qui
832 1207 1043 1253 deorum
1093 1212 1268 1253 mente
1320 1212 1477 1269 atque
1525 1208 1724 1252 ratione

226 1303 429 1333 omnem
485 1287 733 1334 mundum
791 1288 1130 1334 administrari
1188 1294 1242 1334 et
1296 1291 1406 1351 regi
1462 1293 1724 1343 censeant,

227 1384 395 1431 neque
427 1384 545 1414 vero
575 1369 628 1415 id
658 1368 836 1424 solum,
867 1370 958 1416 sed
990 1372 1146 1416 etiam
1177 1370 1241 1416 ab
1270 1369 1434 1416 isdem
1462 1367 1724 1415 hominum

227 1452 363 1496 vitae
391 1449 581 1496 consuli
610 1457 663 1496 et
689 1451 942 1512 provideri
964 1466 976 1506 ;
1022 1467 1141 1497 nam
1169 1457 1223 1497 et
1249 1449 1421 1514 fruges
1450 1456 1504 1497 et
1529 1448 1725 1513 reliqua

228 1547 360 1594 quae
380 1537 518 1577 terra
537 1534 721 1593 pariat,
743 1538 797 1578 et
817 1539 1156 1594 tempestates
1178 1548 1236 1578 ac
1256 1539 1546 1594 temporum
1565 1533 1725 1577 varie-

227 1618 364 1658 tates
397 1611 626 1675 caelique
659 1616 970 1659 mutationes
1005 1613 1186 1676 quibus
1220 1615 1389 1659 omnia
1422 1627 1553 1676 quae
1587 1618 1725 1659 terra

227 1696 408 1756 gignat
431 1700 690 1739 maturata
713 1694 1013 1755 pubescant,
1040 1711 1069 1740 a
1094 1694 1169 1740 dis
1194 1693 1544 1740 inmortalibus
1568 1693 1723 1740 tribui

227 1777 404 1837 generi
435 1772 657 1820 humano
688 1781 893 1836 putant,
925 1774 1189 1838 multaque
1223 1775 1375 1838 (quae
1408 1775 1641 1822 dicentur
1671 1777 1725 1820 in

229 1853 304 1900 his
339 1853 496 1917 libris)
532 1854 776 1918 colligunt
818 1873 949 1918 quae
991 1855 1114 1902 talia
1148 1863 1268 1902 sunt
1309 1862 1367 1902 ut
1402 1871 1464 1902 ea
1496 1858 1606 1918 ipsa
1641 1855 1723 1902 dei

227 1934 520 1982 inmortales
544 1936 608 1982 ad
630 1953 776 1982 usum
798 1936 1059 1983 hominum
1079 1936 1312 1983 fabricati
1333 1953 1498 1999 paene
1519 1936 1725 1983 videan-

229 2023 326 2062 tur.
395 2015 585 2062 Contra
617 2033 742 2080 quos
776 2017 1064 2064 Carneades
1096 2021 1171 2064 ita
1202 2017 1365 2064 multa
1396 2018 1633 2064 disseruit
1665 2023 1724 2063 ut

229 2100 479 2144 excitaret
507 2096 736 2145 homines
765 2116 867 2145 non
895 2099 1127 2146 socordes
1158 2099 1223 2146 ad
1252 2101 1357 2145 veri
1383 2097 1724 2162 investigandi

179 2186 205 2224 5
228 2179 578 2240 cupiditatem.
649 2179 748 2226 Res
781 2183 916 2226 enim
947 2180 1084 2227 nulla
1115 2187 1194 2227 est
1225 2180 1289 2227 de
1321 2196 1422 2243 qua
1452 2186 1723 2242 tantopere

229 2276 330 2306 non
383 2259 543 2306 solum
596 2261 786 2307 indocti
840 2262 931 2308 sed
986 2265 1142 2308 etiam
1196 2261 1331 2308 docti
1385 2261 1724 2316 dissentiant;

229 2357 443 2404 quorum
469 2344 730 2403 opiniones
757 2359 871 2388 cum
898 2349 1006 2389 tam
1033 2346 1199 2389 variae
1226 2345 1328 2389 sint
1353 2349 1563 2404 tamque
1589 2343 1724 2388 inter

230 2437 284 2468 se
342 2422 662 2478 dissidentes,
709 2423 926 2469 alterum
988 2423 1095 2470 fieri
1151 2422 1380 2486 profecto
1434 2428 1609 2485 potest
1661 2427 1721 2469 ut

266 2549 283 2574 ²
313 2549 475 2601 quibus
506 2580 517 2591 .
549 2581 560 2592 .
591 2581 602 2592 .
633 2551 833 2591 confusio
855 2552 978 2603 infra
993 2557 1092 2604 post
1113 2551 1292 2592 tollatur
1312 2555 1368 2592 tr.
1397 2549 1683 2603 Wyttenbach.

235 2673 266 2723 6
