1853 3001
898 215 1151 264 CICERO

276 362 339 394 ea
359 353 542 394 natura
564 362 695 410 quae
718 362 809 393 sua
830 345 1093 409 voluptate
1115 346 1312 394 laetans
1334 345 1458 394 nihil
1479 363 1573 395 nec
1595 354 1768 396 actura

275 431 341 475 sit
372 445 614 492 umquam
646 443 812 491 neque
846 434 967 491 agat
998 444 1165 491 neque
1200 429 1406 492 egerit?
1457 445 1590 493 quae
1620 445 1768 492 porro

275 513 437 572 pietas
477 513 522 556 ei
559 510 775 556 debetur
811 525 841 556 a
877 526 976 573 quo
1011 508 1134 555 nihil
1171 511 1465 572 acceperis?
1521 517 1610 557 aut
1645 511 1768 574 quid

274 594 476 638 omnino
507 594 646 638 cuius
678 589 870 637 nullum
900 593 1141 638 meritum
1171 594 1236 638 sit
1269 594 1314 637 ei
1346 592 1520 638 deberi
1550 592 1764 654 potest?

274 672 368 719 Est
392 675 526 719 enim
549 675 714 735 pietas
737 675 933 719 iustitia
957 672 1223 719 adversum
1247 673 1367 719 deos
1391 688 1402 729 ;
1444 689 1559 719 cum
1582 674 1763 737 quibus

273 754 394 817 quid
425 761 598 817 potest
629 755 771 801 nobis
805 770 915 801 esse
946 756 1084 809 iuris,
1116 771 1230 800 cum
1261 752 1451 800 homini
1482 753 1619 801 nulla
1648 771 1763 802 cum

271 835 368 882 deo
405 838 470 882 sit
506 835 883 882 communitas?
938 834 1190 882 Sanctitas
1228 842 1402 882 autem
1439 842 1518 882 est
1553 838 1764 882 scientia

271 915 595 963 colendorum
624 916 834 964 deorum
857 931 869 972 ;
916 919 1002 980 qui
1031 932 1184 980 quam
1212 916 1276 963 ob
1303 933 1412 963 rem
1438 915 1636 963 colendi
1661 919 1763 964 sint

271 1013 372 1043 non
408 997 651 1061 intellego
690 996 825 1044 nullo
863 1013 957 1044 nec
995 1004 1204 1060 accepto
1239 998 1302 1045 ab
1338 999 1397 1044 iis
1430 1013 1524 1044 nec
1560 1003 1763 1061 sperato

167 1082 245 1123 117
270 1077 418 1125 bono.
470 1077 636 1125 XLII.
675 1078 811 1137 Quid
837 1084 915 1125 est
944 1085 1119 1125 autem
1144 1078 1281 1142 quod
1312 1078 1434 1126 deos
1466 1094 1765 1126 veneremur

267 1166 477 1222 propter
504 1159 892 1206 admirationem
919 1162 1026 1206 eius
1053 1165 1266 1206 naturae
1292 1162 1345 1206 in
1372 1176 1473 1224 qua
1499 1162 1762 1224 egregium

268 1239 391 1287 nihil
417 1241 663 1288 videmus¹
683 1241 701 1287 ?

334 1329 363 1350 “
387 1321 518 1368 Nam
555 1325 932 1385 superstitione,
969 1321 1106 1386 quod
1153 1321 1355 1387 gloriari
1391 1321 1579 1379 soletis,
1613 1319 1761 1369 facile

269 1409 348 1450 est
373 1403 574 1450 liberari
600 1420 714 1450 cum
739 1403 1000 1451 sustuleris
1026 1420 1229 1452 omnem
1255 1407 1355 1450 vim
1380 1404 1591 1451 deorum
1613 1418 1625 1460 ;
1667 1405 1762 1451 nisi

269 1482 401 1531 forte
423 1485 700 1549 Diagoram
721 1492 811 1532 aut
829 1484 1151 1532 'I‘lieodorum
1170 1488 1256 1549 qui
1281 1488 1484 1532 omnino
1503 1485 1625 1533 deos
1650 1499 1761 1532 esse

267 1567 528 1630 negabant
570 1583 744 1614 censes
787 1570 1160 1630 superstitiosos
1202 1583 1312 1614 esse
1352 1569 1576 1630 potuisse
1599 1581 1612 1623 ;
1665 1581 1761 1630 ego

268 1663 332 1694 ne
353 1647 684 1712 Protagoram
705 1649 928 1711 quidem,
948 1651 1028 1695 cui
1048 1655 1286 1695 neutrum
1304 1647 1519 1704 licuerit,
1538 1664 1632 1695 nec
1651 1663 1761 1695 esse

268 1728 388 1776 deos
412 1745 505 1776 nec
529 1746 628 1776 non
653 1746 778 1776 esse.
848 1729 1044 1776 Horum
1068 1732 1203 1776 enim
1226 1732 1513 1776 sententiae
1537 1731 1760 1776 omnium

267 1826 369 1856 non
393 1811 543 1857 modo
577 1814 989 1873 superstitionem
1021 1810 1207 1858 tollunt
1237 1813 1290 1858 in
1321 1826 1423 1874 qua
1452 1813 1587 1857 inest
1611 1813 1762 1857 timor

269 1893 431 1938 inanis
469 1893 697 1948 deorum,
733 1892 824 1939 sed
860 1895 1016 1938 etiam
1050 1891 1347 1956 religionem
1383 1907 1514 1955 quae
1550 1892 1760 1939 deorum

165 1976 243 2016 118
268 1971 406 2019 cultu
444 1976 527 2035 pio
565 1976 867 2020 continetur.
938 1972 1090 2031 Quid,
1127 1976 1160 2018 ii
1199 1976 1285 2036 qui
1321 1973 1561 2020 dixerunt
1595 1979 1759 2019 totam

268 2053 331 2100 de
355 2054 430 2100 dis
452 2054 801 2101 inmortalibus
824 2057 1112 2117 opinionem
1136 2053 1306 2101 fictam
1330 2069 1439 2101 esse
1462 2054 1527 2100 ab
1548 2052 1759 2100 homini-

267 2134 360 2181 bus
386 2136 698 2198 sapientibus
724 2139 796 2182 rei
821 2135 1053 2198 publicae
1079 2152 1247 2192 causa,
1271 2142 1330 2182 ut
1355 2151 1479 2199 quos
1503 2137 1633 2182 ratio
1657 2151 1757 2182 non

265 2223 438 2278 posset
465 2232 548 2263 eos
575 2217 638 2264 ad
664 2217 880 2263 officium
904 2216 1080 2281 religio
1106 2217 1334 2272 duceret,
1360 2231 1526 2263 nonne
1553 2231 1755 2262 omnem

267 2295 562 2360 religionem
613 2296 841 2344 funditus
892 2297 1205 2345 sustulerunt
1228 2298 1246 2343 ?
1313 2295 1467 2355 Quid,
1518 2295 1755 2344 Prodicus

267 2376 402 2435 Cius,
427 2381 513 2443 qui
539 2395 599 2425 ea
623 2395 754 2442 quae
778 2379 1078 2441 prodessent
1103 2378 1362 2425 hominum
1386 2380 1521 2426 vitae
1546 2377 1754 2425 deorum

773 2495 792 2523 ²
821 2496 1049 2538 videamus
1070 2496 1209 2538 Alan-

274 2639 365 2680 112
