1919 3006
961 203 1213 251 CICERO

337 337 649 397 argumentis
675 333 997 395 quibusdam1
1024 340 1077 379 et
1110 336 1252 395 quasi
1276 349 1445 379 rerum
1469 335 1601 380 notis
1626 332 1836 380 ducibus

337 401 615 448 utebantur
635 400 699 446 ad
716 400 1035 462 probandum
1055 407 1108 446 et
1128 401 1192 447 ad
1211 400 1612 447 concludendum
1629 400 1682 447 id
1699 399 1834 463 quod

339 468 596 530 explanari
618 467 857 513 volebant
876 483 887 522 ;
927 470 979 513 in
1000 473 1119 530 quo2
1145 468 1446 514 tradebatur
1470 470 1630 514 omnis
1651 466 1834 514 dialec-

336 539 468 582 ticae
503 535 780 597 disciplina,
814 535 867 581 id
902 541 997 590 est,
1032 538 1269 581 orationis
1303 538 1500 581 ratione
1534 534 1832 590 conclusae3

336 602 451 649 huic
470 605 614 665 quasi
637 618 699 648 ex
723 602 884 648 altera
903 609 1051 664 parte
1074 605 1292 649 oratoria
1312 605 1383 648 vis
1406 601 1606 649 dicendi
1628 601 1834 649 adhibe-

335 671 503 726 batur,
533 669 831 732 explicatrix
859 672 1098 716 orationis
1125 677 1408 732 perpetuae
1437 669 1501 716 ad
1527 669 1834 732 persuaden-

337 738 457 784 dum
495 737 921 783 accommodatae.

257 814 311 854 33
405 804 596 850 “Haec
634 811 744 850 erat
773 804 866 850 illis
903 806 1065 866 prima
1094 802 1275 850 forma³
1307 820 1337 850 a
1366 803 1579 850 Platone
1609 803 1833 851 tradita·
1821 839 1834 860 ,

337 875 474 918 cuius
515 888 638 935 quas
679 874 961 934 acceperim
1001 874 1422 927 immutationes,
1458 874 1499 917 si
1539 871 1707 927 vultis,
1750 887 1836 918 ex-

334 956 535 1002 ponam.
663 937 801 985 ‘Nos
848 955 966 985 vero
1009 937 1289 994 volumus?
1331 942 1556 1001 inquam,
1599 937 1706 985 “ut
1745 955 1835 1001 pro

335 1008 510 1053 Attico
566 1009 721 1052 etiam
774 1005 1162 1068 respondeamss'
1244 1005 1361 1052 “Et
1409 1004 1602 1062 recte,'’
1651 1009 1835 1069 inquit,

337 1073 363 1089 “
384 1074 691 1136 respondes3
737 1073 996 1136 praeclare
1037 1076 1172 1119 enim
1212 1073 1492 1136 explicatur
1533 1072 1836 1136 Peripateti-

336 1158 508 1187 corum
535 1148 587 1187 et
613 1141 923 1187 Academiae
949 1144 1134 1187 veteris
1162 1139 1487 1187 auctoritas.''

402 1208 490 1254 IX.
529 1207 556 1224 “
582 1208 905 1254 Aristoteles⁵
934 1211 1125 1270 primus
1155 1211 1348 1270 species
1378 1224 1503 1270 quas
1531 1207 1683 1270 paulo
1713 1214 1834 1255 ante

333 1276 438 1323 dixi
455 1274 802 1331 labefactavit,
825 1291 948 1338 quas
968 1275 1176 1321 mirifice
1198 1275 1343 1322 Plato
1365 1282 1476 1322 erat
1497 1274 1834 1337 amplexatus,

333 1350 391 1390 ut
409 1347 462 1389 in
479 1346 537 1389 iis
558 1343 800 1406 quiddam
820 1343 1045 1389 divinum
1065 1359 1174 1389 esse
1194 1343 1402 1389 diceret.
1455 1341 1834 1405 Theophrastus

334 1417 525 1466 autem,
570 1414 644 1456 vir
703 1417 756 1456 et
808 1413 1036 1456 oratione
1082 1413 1245 1456 suavis
1292 1417 1346 1456 et
1389 1413 1463 1456 ita
1505 1417 1730 1456 moratus
1776 1417 1835 1457 ut

333 1479 644 1541 probitatem
674 1478 931 1540 quandam
960 1493 1082 1540 prae
1113 1493 1166 1524 se
1197 1484 1251 1524 et
1278 1480 1654 1541 ingenuitatem
1683 1475 1834 1533 ferat,

333 1544 685 1592 vehementius
710 1548 865 1591 etiam
885 1543 1041 1608 fregit
1062 1545 1283 1607 quodam
1302 1545 1453 1592 modo
1475 1547 1834 1592 auctoritatem

333 1616 519 1659 veteris
573 1612 865 1674 disciplinae
890 1628 901 1668 ;
973 1612 1206 1674 spoliavit
1260 1615 1394 1658 enim
1447 1615 1690 1658 virtutem
1742 1628 1833 1659 suo

333 1681 515 1727 decore
549 1679 958 1742 imbecillamque
1004 1679 1228 1726 reddidit
1269 1679 1406 1742 quod
1441 1682 1649 1742 negavit
1683 1682 1736 1725 in
1772 1695 1833 1726 ea

253 1757 309 1798 34
333 1747 438 1793 sola
475 1750 698 1809 positum
740 1762 848 1793 esse
888 1747 1043 1793 beate
1083 1749 1266 1793 vivere.
1341 1745 1473 1792 Nam
1512 1746 1684 1793 Strato
1725 1749 1832 1793 eius

333 1815 550 1870 auditor,
586 1830 896 1877 quamquam
931 1812 1029 1860 fuit
1066 1817 1165 1860 acri
1200 1817 1422 1877 ingenio,
1458 1821 1634 1860 tamen
1670 1814 1734 1860 ab
1771 1830 1833 1861 ea

332 1881 593 1943 disciplina
623 1885 826 1928 omnino
857 1881 1191 1928 semovendus
1224 1887 1319 1937 est,
1349 1883 1436 1944 qui
1465 1897 1580 1927 cum
1608 1884 1831 1928 maxime

331 1951 666 1995 necessariam
698 1955 899 2011 partem
931 1947 1296 2011 philosophiae,
1322 1963 1455 2012 quae
1483 1951 1650 2011 posita
1676 1955 1754 1996 est
1777 1952 1831 1995 in

331 2020 519 2063 virtute
541 2022 595 2062 et
612 2017 853 2072 moribus,
872 2016 1159 2078 reliquisset
1178 2022 1450 2079 totumque
1469 2032 1523 2062 se
1544 2015 1609 2063 ad
1627 2018 1831 2063 investi-

330 2087 591 2147 gationem
627 2090 841 2130 naturae
879 2083 1192 2138 contulisset,
1228 2086 1281 2129 in
1318 2099 1379 2130 ea
1413 2085 1523 2145 ipsa
1557 2082 1829 2146 plurimum

330 2151 540 2198 dissedit
562 2167 592 2197 a
612 2154 728 2198 suis.
785 2149 1094 2213 Speusippus
1118 2157 1292 2197 autem
1315 2157 1368 2197 et
1388 2149 1721 2208 Xenocrates,
1743 2153 1828 2215 qui

505 2227 521 2251 ²
551 2226 822 2306 quibusdagm
844 2227 1076 2289 delendum
1095 2229 1115 2267 ,9
1134 2226 1235 2278 (om.
1257 2227 1380 2267 codd.
1402 2227 1644 2279 nonnulli).

503 2334 521 2360 ⁸
549 2336 694 2387 prima
712 2280 1043 2374 fornigalygfzehitduzs
1057 2294 1202 2386 ὲτῗῐῖιῗι
1215 2281 1343 2375 ἰῖῗίζιίἰ.
1367 2352 1377 2375 :
1398 2335 1543 2375 forma
1566 2334 1692 2376 Mdv.

695 2389 712 2413 ⁴
740 2388 903 2428 Dat-ies
923 2406 932 2428 :
964 2389 1285 2439 disputationes
1305 2389 1427 2429 codd.

710 2443 726 2466 ⁵
757 2442 1014 2482 Aristoteles
1035 2444 1168 2491 igitur
1188 2443 1279 2482 cod.
1302 2456 1431 2482 unus.

389 2513 407 2531 ⁶
442 2506 579 2555 Quasi
601 2507 752 2547 marks
772 2509 888 2547 notis
907 2520 956 2548 as
976 2520 1035 2547 an
1051 2508 1334 2559 explanation
1351 2508 1400 2547 of
1423 2509 1693 2558 arqumentis
1712 2508 1820 2550 used

329 2565 376 2602 to
396 2560 608 2602 translate
629 2564 829 2614 σύμβολα.
1198 2560 1216 2585 ⁶
1248 2563 1529 2613 ἀντίστροφον.

329 2631 426 2672 442
