1919 3006
951 115 1203 163 CICERO

327 244 381 289 in
422 242 689 290 elementis
731 243 982 291 dialectici
1025 245 1228 300 docent,
1271 261 1371 307 quo
1412 243 1564 290 modo
1604 241 1828 289 iudicare

328 332 565 387 oporteat
590 341 766 371 verum
792 324 1042 372 falsumne
1069 329 1135 372 sit
1161 328 1201 372 si
1227 325 1351 388 quid
1373 328 1450 371 ita
1474 340 1724 371 conexum
1749 329 1829 369 est

328 413 386 452 ut
422 405 535 461 hoc,
574 405 584 422 ‘
610 409 650 453 si
689 407 796 453 dies
836 414 931 462 est,
969 406 1141 463 lucet,’
1182 414 1376 469 quanta
1413 408 1674 453 contentio
1713 402 1824 451 est!

328 486 493 534 Aliter
514 488 754 543 Diodoro,
776 487 922 535 aliter
942 487 1155 544 Philoni,
1175 487 1456 552 Chrysippo
1477 486 1624 534 aliter
1641 485 1825 550 placet.

328 568 466 627 Quid
488 570 506 615 ?
549 586 664 615 cum
688 569 937 616 Cleanthe
963 570 1169 616 doctore
1194 586 1284 616 suo
1308 585 1462 632 quam
1484 568 1658 615 multis
1679 568 1832 614 rebus

328 649 638 714 Chrysippus
674 651 922 698 dissidet?
980 651 1143 714 quid?
1197 651 1298 698 duo
1332 649 1413 697 vel
1445 653 1696 713 principes
1731 649 1834 695 dia-

327 730 640 787 lecticorum,
678 733 954 795 Antipater
997 739 1051 780 et
1089 731 1443 787 Archidemus,
1485 733 1832 794 opiniosissimi

227 822 308 862 144
328 812 575 869 homines,
609 830 777 860 nonne
809 813 982 860 multis
1014 817 1066 860 in
1097 815 1249 860 rebus
1282 813 1632 861 dissentiunt?
1698 811 1834 870 Quid

326 911 410 941 me
440 898 613 958 igitur,
645 895 874 951 Luculle,
902 899 955 941 in
986 896 1227 942 invidiam
1258 902 1312 942 et
1341 902 1607 958 tamquam
1634 897 1688 940 in
1718 910 1833 940 con-

327 979 522 1023 tionem
552 993 716 1032 vocas,
749 984 802 1024 et
832 977 1057 1040 quidem,
1087 984 1146 1023 ut
1175 977 1401 1023 seditiosi
1430 977 1621 1023 tribuni
1650 974 1832 1031 solent,

327 1057 521 1104 occludi
548 1059 788 1105 tabernas
815 1060 960 1105 iubes
984 1059 1002 1105 ?
1049 1076 1149 1122 quo
1179 1062 1314 1104 enim
1341 1065 1542 1121 spectat
1568 1056 1692 1104 illud
1718 1074 1832 1104 cum

327 1140 539 1186 artificia
574 1139 683 1186 tolli
720 1143 945 1203 quereris
983 1157 1012 1186 a
1047 1141 1209 1195 nobis,
1246 1143 1340 1187 nisi
1376 1147 1435 1186 ut
1471 1139 1674 1202 opifices
1716 1155 1831 1186 con-

325 1224 548 1268 citentur
571 1222 589 1267 ?
660 1221 760 1279 Qui
785 1225 825 1268 si
850 1222 1074 1285 undique
1105 1238 1281 1268 omnes
1311 1224 1658 1277 convenerint,
1682 1219 1830 1267 facile

325 1309 503 1349 contra
550 1320 636 1350 vos
683 1303 1065 1350 incitabuntur!
1136 1319 1432 1366 expromam
1479 1306 1699 1365 primum
1744 1302 1830 1349 illa

324 1384 586 1440 invidiosa,
624 1385 761 1448 quod
798 1401 883 1431 eos
921 1402 1096 1431 omnes
1133 1388 1220 1448 qui
1255 1388 1308 1431 in
1343 1387 1579 1432 contione
1616 1385 1828 1431 stabunt

325 1465 525 1512 exsules
571 1482 739 1513 servos
785 1470 985 1513 insanos
1033 1483 1143 1513 esse
1190 1467 1404 1522 dicatis;
1468 1466 1588 1514 dein
1633 1466 1699 1514 ad
1742 1466 1828 1513 illa

323 1550 524 1594 veniam
545 1564 676 1611 quae
698 1551 799 1594 iam
820 1565 921 1594 non
943 1548 1007 1595 ad
1027 1547 1411 1595 multitudinem
1432 1548 1524 1595 sed
1544 1548 1609 1595 ad
1627 1555 1826 1595 vosmet

322 1632 455 1692 ipsos
491 1633 577 1692 qui
613 1630 801 1676 adestis
835 1633 1132 1692 pertinent:
1186 1637 1344 1694 negat
1379 1632 1515 1676 enim
1549 1646 1635 1676 vos
1670 1630 1824 1686 Zeno,

321 1718 480 1774 negat
526 1710 807 1758 Antiochus
855 1714 980 1758 scire
1028 1714 1314 1774 quicquam.
1397 1710 1407 1726 ⁴
1432 1711 1547 1769 Quo
1593 1712 1786 1759 modo?
1811 1711 1822 1728 ’

320 1795 553 1856 inquies;
609 1792 619 1808 ‘
644 1809 734 1839 nos
772 1796 907 1839 enim
944 1791 1265 1840 defendimus
1303 1795 1460 1839 etiam
1495 1795 1821 1855 insipientem

217 1883 295 1923 145
321 1874 484 1920 multa
522 1873 920 1936 comprendere.'
994 1875 1066 1921 At
1105 1878 1230 1921 scire
1270 1877 1470 1938 negatis
1510 1891 1820 1937 quemquam

319 1972 427 2001 rem
473 1955 626 2001 ullam
671 1959 764 2002 nisi
810 1959 1130 2018 sapientem3
1195 1963 1249 2002 et
1292 1955 1386 2002 hoc
1431 1956 1638 2019 quidem
1683 1955 1818 2003 Zeno

318 2043 469 2100 gestu
486 2036 785 2083 conficiebat
809 2053 820 2083 ε
856 2053 974 2083 nam
990 2054 1105 2083 cum
1123 2040 1346 2084 extensis
1363 2037 1534 2101 digitis
1551 2037 1813 2085 adversam

316 2135 525 2164 manum
557 2119 869 2174 ostenderat,
903 2118 912 2134 ⁴
938 2122 1098 2165 visum
1123 2118 1133 2134 ’
1165 2120 1430 2182 inquiebat
1461 2118 1471 2135 ‘
1495 2118 1642 2167 huius
1672 2122 1809 2169 modi

316 2206 396 2246 est
419 2198 466 2254 '3
524 2199 643 2246 dein
681 2216 796 2246 cum
835 2199 1043 2262 paulum
1083 2201 1268 2264 digitos
1306 2208 1648 2258 contraxerat,
1688 2203 1698 2219 ‘
1723 2204 1809 2252 ad-

315 2297 490 2327 sensus
523 2279 671 2327 huius
705 2281 842 2328 modi
866 2280 912 2337 ’3
964 2288 1076 2328 tum
1110 2298 1224 2328 cum
1257 2281 1408 2345 plane
1441 2294 1808 2347 compresserat

367 2405 387 2423 ⁰
415 2399 520 2440 This
541 2400 661 2440 word
683 2402 717 2439 is
738 2400 894 2441 coined
916 2400 977 2452 by
998 2401 1152 2442 Cicero
1173 2403 1217 2441 in
1230 2402 1331 2454 jest.
1394 2403 1480 2443 For
1499 2405 1650 2456 opinio
1663 2424 1699 2440 =
1713 2408 1805 2455 δόξα

314 2467 363 2494 01·
385 2457 513 2504 δόγμα
535 2454 591 2506 cs.
615 2455 642 2494 i.
664 2457 734 2502 39,
755 2457 825 2495 42.

313 2516 410 2566 652
