1853 3001
887 183 1140 232 CICERO

388 316 483 354 tum
505 312 702 365 gelidum
722 311 870 353 valido
891 310 947 352 de
968 315 1143 364 pectore
1162 312 1305 364 frigus
1325 308 1539 351 anhelans

387 379 569 419 corpore
589 367 792 408 semifero
813 379 979 419 magno
1001 365 1295 418 Capricornus
1316 366 1362 405 in
1382 364 1519 413 orbeg

388 434 520 473 quem
541 434 643 462 cum
664 424 878 473 perpetuo
898 421 1072 461 vestivit
1091 419 1258 460 lumine
1277 418 1424 466 Titan,

387 474 578 516 brumali
598 475 776 516 flectens
796 478 1058 527 contorquet
1077 478 1276 527 tempore
1295 485 1488 515 currum.

169 556 247 596 113
272 549 370 597 Hic
394 557 568 596 autem
591 553 831 613 aspicitur

390 640 441 678 ut
460 649 554 677 sese
574 635 809 677 ostendens
830 637 1016 689 emergit
1037 634 1242 687 Scorpios
1263 633 1351 675 alte

389 692 628 744 posteriore
647 690 826 731 trahens
847 689 1045 742 plexum1
1066 691 1109 730 vi
1130 690 1324 741 corporis
1345 688 1529 735 Arcum,

390 758 524 798 quem
544 748 723 797 propter
743 746 886 785 nitens
907 745 1054 796 pinnis
1075 743 1349 784 convolvitur
1370 741 1489 789 Ales,

388 803 435 840 at
455 803 634 851 propter
654 811 700 840 se
722 798 888 850 Aquila
907 797 1081 839 ardenti
1101 810 1203 838 cum
1224 809 1406 849 corpore
1425 797 1588 849 portat.

274 874 475 921 Deinde
501 872 803 937 Delphinus,

389 960 545 1002 exinde
567 961 706 1003 Orion
728 960 909 1014 obliquo
931 973 1113 1013 corpore
1135 961 1290 1002 nitens.

170 1045 250 1084 114
274 1037 441 1096 Quem
465 1038 778 1101 subsequens

389 1124 583 1166 fervidus
604 1124 676 1165 ille
698 1123 830 1165 Canis
851 1122 1077 1164 stellarum
1097 1121 1195 1164 luce
1214 1121 1416 1176 refulget.

274 1200 395 1248 Post
420 1199 589 1264 Lepus
614 1201 955 1264 subsequitur,

391 1286 657 1328 curriculum
679 1299 927 1339 numquam
947 1285 1119 1327 defesso
1139 1298 1321 1337 corpore
1340 1283 1500 1326 sedans
1516 1298 1531 1332 ς

391 1346 439 1383 at
459 1341 592 1383 Canis
613 1341 668 1382 ad
692 1341 883 1382 caudam
904 1353 1081 1392 serpens
1103 1339 1349 1392 prolabitur
1369 1339 1507 1392 Argo.

394 1396 508 1436 hanc
529 1396 655 1436 Aries
676 1397 786 1447 tegit
807 1399 849 1435 et
869 1407 1107 1446 squamoso
1129 1407 1312 1445 corpore
1333 1393 1478 1434 Pisces

393 1450 607 1490 Fluminis
629 1449 801 1490 inlustri
822 1453 1078 1501 tangentem
1099 1448 1299 1500 corpore²
1320 1449 1451 1499 ripas.

274 1525 442 1585 Quem
466 1525 617 1589 longe
643 1531 936 1588 serpentem
963 1530 1017 1571 et
1041 1529 1338 1570 manantem
1365 1525 1593 1585 aspicies,

848 1623 1118 1663 proceraque
1138 1609 1298 1650 Vincla
1317 1608 1500 1656 videbis,

394 1680 507 1718 quae
527 1668 715 1707 retinent
738 1665 881 1706 Pisces
903 1664 1147 1705 caudarum
1168 1677 1195 1703 a
1215 1668 1340 1716 parte
1361 1663 1506 1704 locata
1535 1692 1548 1704 .
1577 1690 1593 1706 0
1619 1687 1640 1707 ο

393 1720 494 1761 inde
517 1720 671 1772 Nepae
691 1733 840 1760 cernes
861 1723 1039 1771 propter
1058 1717 1269 1771 fulgentis
1290 1731 1477 1758 acumen

394 1776 547 1822 Aram,
570 1787 706 1827 quam
727 1774 835 1814 flatu
856 1772 1099 1825 permulcet
1119 1774 1296 1824 spiritus
1318 1772 1483 1812 Austri.

277 1847 592 1914 Proptefque
614 1849 897 1896 Centaurus

394 1936 510 1978 cedit
530 1936 648 1989 Equi
669 1938 804 1988 partis
826 1947 1068 1987 properans
1089 1933 1357 1986 subiungere
1378 1931 1536 1973 Chelis.

396 1991 467 2031 hic
487 1990 687 2031 dextram
709 2002 914 2042 porgens,
937 1988 1191 2041 quadrupes
1213 2001 1303 2040 qua
1322 1991 1448 2027 vasta
1468 1989 1657 2036 tenetur,

394 2044 534 2085 tendit
554 2049 596 2085 et
617 2043 845 2084 inlustrem
866 2042 1139 2084 truculentus
1160 2041 1277 2082 cedit
1296 2040 1354 2081 ad
1376 2041 1545 2088 Aram;

393 2098 465 2139 hic
484 2111 578 2139 sese
598 2099 779 2139 infernis
800 2111 824 2139 e
844 2097 1044 2149 partibus
1066 2098 1195 2149 erigit
1216 2095 1390 2147 Hydra,

277 2171 415 2215 cuius
437 2167 587 2231 longe
609 2183 787 2229 corpus
810 2173 889 2212 est
909 2164 1095 2221 fusum,

395 2250 438 2288 in
462 2246 696 2299 medioque
716 2248 814 2287 sinu
834 2244 1011 2298 fulgens
1034 2244 1214 2286 Cratera
1235 2242 1411 2291 relucet,

395 2307 634 2343 extremam
658 2303 799 2341 nitens
820 2299 1020 2352 plumato
1042 2311 1224 2351 corpore
1245 2296 1413 2338 Corvus

396 2360 534 2396 rostro
555 2353 702 2396 tundit
721 2370 732 2401 ς
764 2358 807 2395 et
827 2354 899 2394 hic
920 2352 1118 2394 Geminis
1140 2356 1204 2393 est
1225 2350 1296 2392 ille
1316 2351 1399 2392 sub
1421 2351 1526 2403 ipsis

395 2408 735 2456 Ante-Canem‚³
758 2411 945 2458 Προκύων
967 2405 1102 2448 Graio
1123 2407 1200 2456 qui
1222 2406 1400 2446 nomine
1419 2405 1571 2446 fertur.

345 2493 363 2520 ¹
394 2493 556 2535 flexum
577 2492 620 2534 A
644 2506 770 2539 corr..
794 2491 833 2532 B
853 2505 962 2532 corr.
1238 2489 1254 2514 ²
1283 2492 1460 2542 pectore
1480 2487 1710 2532 Heinsius.

775 2546 792 2570 ³
822 2545 1063 2586 Antecanis
1081 2543 1335 2585 Lambinus.

286 2617 383 2658 230
