1853 3001
835 138 1087 188 CICERO

215 270 583 335 philosophiam
614 271 1029 334 pertractandam
1060 270 1329 319 dedissem.
1398 269 1590 319 Omnes
1622 282 1708 318 au-

215 359 324 400 tem
352 356 458 400 eius
485 360 657 416 partes
685 358 842 417 atque
869 356 1039 399 omnia
1063 353 1294 400 membra
1319 359 1432 399 tum
1457 350 1712 399 facillume

217 442 492 482 noscuntur
516 452 630 482 cum
653 441 797 481 totae
823 437 1146 498 quaestiones
1170 433 1435 481 scribendo
1460 432 1710 497 explican-

217 521 335 572 tur3
409 523 488 564 est
541 520 677 563 enim
731 515 1038 564 admirabilis
1092 516 1345 579 quaedam
1398 516 1714 563 continuatio

219 602 476 662 seriesque
501 614 688 654 rerum,
713 604 772 645 ut
797 597 895 644 alia
919 614 982 644 ex
1008 597 1106 644 alia
1134 613 1269 644 nexa
1293 603 1348 644 et
1376 613 1551 644 omnes
1578 599 1715 642 inter

218 696 272 727 se
296 685 449 742 aptae
471 679 860 743 conligataeque
882 679 1167 726 videantur.

140 768 192 808 10
280 760 337 808 V.
376 760 477 820 Qui
514 768 689 808 autem
724 764 991 824 requirunt
1028 761 1151 824 quid
1187 774 1390 823 quaque
1428 759 1493 807 de
1528 774 1584 806 re
1620 755 1714 821 ipsi

218 845 515 898 sentiamus,
555 845 795 889 curiosius
835 842 888 889 id
926 841 1120 888 faciunt
1161 859 1314 904 quam
1353 857 1561 888 necesse
1603 846 1717 895 est;

219 941 321 971 non
375 928 510 971 enim
563 931 672 970 tam
726 927 1043 970 auctoritatis
1096 927 1149 970 in
1201 923 1509 985 disputando
1562 937 1716 985 quam

217 1009 426 1053 rationis
444 1012 707 1052 momenta
725 1005 1019 1068 quaerenda
1036 1012 1169 1052 sunt.
1240 1004 1376 1063 Quin
1395 1007 1551 1051 etiam
1570 1004 1717 1050 obest

218 1089 519 1153 plerumque
557 1090 616 1134 iis
655 1090 743 1150 qui
781 1087 973 1134 discere
1013 1085 1190 1133 volunt
1228 1088 1502 1133 auctoritas
1542 1099 1717 1132 eorum

219 1174 305 1235 qui
355 1186 409 1218 se
459 1170 641 1217 docere
687 1168 1029 1231 profitentur‘3
1096 1168 1337 1215 desinunt
1386 1169 1521 1214 enim
1569 1182 1716 1213 suum

219 1253 460 1300 iudicium
482 1249 742 1306 adhibere,
762 1250 815 1297 id
833 1248 1029 1296 habent
1047 1256 1217 1296 ratum
1238 1249 1375 1313 quod
1395 1250 1459 1296 ab
1481 1265 1541 1295 eo
1562 1264 1715 1312 quem

219 1335 439 1398 probant
469 1333 750 1380 iudicatum
781 1331 973 1379 vident.
1043 1331 1150 1378 Nec
1182 1347 1300 1378 vero
1332 1331 1547 1394 probare
1580 1328 1716 1377 soleo

218 1417 272 1464 id
307 1415 444 1479 quod
479 1415 543 1462 de
580 1412 915 1477 Pythagoreis
952 1415 1254 1475 accepimus,
1290 1428 1415 1476 quos
1450 1410 1641 1467 ferunt,
1676 1408 1714 1457 si

221 1498 344 1562 quid
373 1496 702 1544 adfirmarent
730 1498 782 1541 in
811 1494 1136 1557 disputando,
1166 1511 1280 1540 cum
1311 1509 1375 1540 ex
1406 1496 1476 1540 eis
1507 1507 1718 1556 quaere·-

219 1585 361 1626 retur
381 1593 537 1642 quare
557 1580 631 1623 ita
652 1583 804 1631 esset,
823 1576 1131 1638 respondere
1152 1574 1323 1622 solitos
1343 1573 1354 1591 ‘
1380 1574 1496 1638 Ipse
1517 1575 1648 1622 dixit
1670 1571 1682 1590 '
1703 1587 1719 1629 ς

221 1658 233 1677 ⁴
255 1664 364 1723 ipse
389 1657 399 1676 ’
425 1665 600 1706 autem
625 1665 736 1705 erat
760 1656 1077 1721 Pythagoras
1101 1673 1112 1703 :
1153 1664 1357 1704 tantum
1382 1659 1550 1719 opinio
1572 1671 1719 1719 prae-

220 1742 445 1789 iudicata
499 1746 723 1803 poterat,
778 1746 837 1786 ut
894 1742 1051 1786 etiam
1107 1741 1215 1785 sine
1271 1741 1468 1785 ratione
1524 1736 1719 1784 valeret

223 1825 514 1871 auctoritas.

147 1912 196 1952 11
286 1903 386 1963 Qui
450 1909 624 1950 autem
683 1902 998 1949 admirantur
1055 1918 1145 1948 nos
1207 1899 1338 1948 hanc
1399 1903 1717 1964 potissimum

222 1983 536 2048 disciplinam
578 1990 796 2038 secutOS,
837 1986 896 2029 iis
939 1990 1182 2046 quattuor
1223 1981 1540 2029 Academicis
1580 1980 1718 2029 libris

223 2070 345 2114 satis
378 2082 677 2128 responsum
711 2065 927 2111 videtur.
997 2063 1103 2111 Nec
1139 2080 1256 2110 vero
1290 2064 1607 2110 desertarum
1640 2079 1718 2110 re-

222 2148 558 2210 lictarumque
605 2162 775 2192 rerum
822 2148 1158 2208 patrocinium
1206 2148 1551 2207 suscepimus;
1616 2160 1717 2191 non

225 2233 360 2277 enim
387 2227 647 2275 hominum
674 2230 887 2273 interitu
915 2229 1204 2273 sententiae
1233 2241 1435 2290 quoque
1463 2226 1715 2281 occidunt,

224 2311 315 2359 sed
345 2309 511 2357 lucem
543 2311 761 2355 auctoris
792 2306 1007 2355 fortasse
1039 2308 1366 2362 desiderant3
1416 2313 1476 2354 ut
1505 2305 1632 2353 haec
1662 2309 1715 2354 in

326 2475 346 2495 ⁰
372 2473 499 2512 Αὐτὸς
520 2473 623 2519 ἕφηε
654 2481 703 2509 as
723 2481 806 2509 one
827 2467 970 2520 might
989 2481 1069 2520 say
1091 2472 1102 2488 ‘
1115 2467 1208 2508 The
1231 2468 1401 2508 Masoer
1420 2466 1516 2508 said
1535 2466 1616 2509 so.'

237 2571 295 2613 12
