1919 3006
945 202 1196 250 CICERO

320 336 474 380 istum
523 348 718 380 cessare
767 331 857 380 sed
904 331 1068 378 celare
1117 347 1248 394 quae
1296 331 1483 378 scribat
1531 328 1818 378 existimo.”

323 421 593 468 “Minime
638 419 808 477 vero‚”
851 424 1017 483 inquit
1061 420 1161 475 ille,
1199 419 1638 482 “intemperantis
1685 421 1817 466 enim

324 512 536 557 arbitror
560 526 668 557 esse
691 510 908 556 scribere
931 509 1066 572 quod
1088 509 1327 555 occultari
1348 508 1470 555 velit
1493 523 1505 564 ;
1544 507 1636 556 sed
1655 507 1819 555 habeo

323 615 446 660 opus
484 614 726 661 magnum
762 600 814 643 in
849 597 1098 652 manibus,
1131 596 1306 659 idque¹
1340 599 1442 643 iam
1477 595 1704 658 pridem3
1756 594 1819 641 ad

323 685 455 732 hunc
511 689 644 732 enim
700 688 865 747 ipsum
890 683 1067 731 ’'—me
1126 691 1299 731 autem
1349 682 1646 731 dicebat—“
1667 698 1821 746 quae-

323 774 439 819 dam
474 776 688 828 institui,
719 789 851 836 quae
886 779 939 819 et
973 780 1091 819 sunt
1123 789 1311 836 magna
1343 788 1466 819 sane
1496 778 1550 819 et
1581 771 1821 818 limantur

272 871 297 910 3
324 879 351 907 a
400 878 482 907 me
532 860 788 924 politius.’'
857 860 926 907 Et
977 876 1072 923 ego
1122 859 1283 907 “Ista
1319 860 1526 924 quidem
1549 857 1577 875 ”
1613 863 1821 922 inquam

323 948 349 965 “
375 948 550 1004 Varro,
575 952 676 994 iam
709 948 794 995 diu
828 955 1129 1010 exspectans
1155 964 1256 995 non
1281 948 1444 995 audeo
1475 954 1652 994 tamen
1681 945 1822 1010 flagi-

322 1042 432 1082 tare
457 1051 468 1091 ;
537 1035 704 1082 audivi
754 1037 888 1081 enim
938 1050 965 1081 e
1016 1034 1211 1081 Libone
1259 1041 1431 1081 nostro
1479 1033 1639 1097 (cuius
1688 1035 1821 1080 nosti

322 1121 756 1186 studium)——nihil
781 1125 913 1168 enim
940 1137 1056 1168 eum
1082 1125 1187 1168 eius
1210 1121 1348 1168 modi
1371 1119 1535 1168 celare
1557 1136 1821 1183 possumus

321 1226 487 1256 —non
514 1216 568 1256 te
597 1225 658 1256 ea
683 1212 1027 1256 intermittere
1054 1209 1145 1256 sed
1172 1211 1452 1255 accuratius
1479 1214 1701 1256 tractare
1728 1223 1822 1255 nec

322 1297 387 1344 de
423 1297 655 1343 manibus
694 1298 937 1359 umquam
974 1295 1246 1358 deponere.
1317 1294 1450 1342 Illud
1487 1302 1661 1342 autem
1697 1293 1817 1342 mihi

324 1391 444 1431 ante
481 1383 576 1430 hoc
612 1391 815 1446 tempus
853 1400 1133 1447 numquam
1168 1386 1221 1430 in
1255 1390 1486 1430 mentem
1524 1386 1664 1431 venit
1700 1399 1731 1430 a
1764 1389 1821 1430 te

323 1475 598 1535 requirere,
631 1471 721 1518 sed
753 1488 886 1518 nunc
916 1477 1098 1534 postea
1129 1487 1282 1534 quam
1313 1487 1426 1518 sum
1455 1474 1709 1535 ingressus
1739 1486 1821 1518 res

324 1574 408 1605 eas
445 1574 569 1621 quas
605 1564 777 1604 tecum
813 1557 959 1604 simul
996 1557 1146 1604 didici
1181 1557 1425 1605 mandare
1459 1560 1819 1613 monumentis,

322 1644 794 1708 philosophiamque
847 1651 1076 1692 veterem
1127 1644 1264 1691 illam
1317 1661 1347 1691 a
1398 1643 1605 1692 Socrate
1657 1651 1820 1692 ortam

325 1732 518 1778 Latinis
558 1731 741 1778 litteris
781 1731 1049 1787 illustrare,
1089 1747 1278 1794 quaero
1317 1731 1439 1794 quid
1477 1734 1544 1778 sit
1581 1747 1669 1778 cur
1707 1747 1822 1778 cum

321 1819 482 1866 multa
522 1819 707 1866 scribas
746 1817 842 1865 hoc
880 1835 1041 1882 genus
1081 1822 1481 1881 praetermittas,
1520 1822 1820 1882 praesertim

327 1924 441 1954 cum
471 1914 523 1954 et
551 1910 658 1970 ipse
686 1909 738 1953 in
767 1922 827 1953 eo
857 1906 1073 1953 excellas
1105 1913 1158 1954 et
1183 1906 1236 1953 id
1263 1906 1489 1954 studium
1515 1912 1731 1970 totaque
1759 1921 1821 1954 ea

321 2012 400 2042 res
425 1995 575 2059 longe
600 1997 782 2042 ceteris
808 2001 862 2041 et
885 1995 1063 2042 studiis
1089 2001 1143 2041 et
1167 1994 1358 2042 artibus
1384 1992 1709 2042 antecedat.”

275 2095 299 2132 4
388 2082 456 2129 ΙΙ.
491 2082 622 2129 Tum
653 2081 772 2129 ille:
824 2081 851 2098 “
877 2081 1006 2128 Rem
1038 2098 1068 2128 a
1098 2098 1182 2129 me
1213 2097 1367 2145 saepe
1399 2081 1735 2129 deliberatam
1767 2088 1820 2130 et

322 2171 539 2218 multum
567 2174 816 2235 agitatam
841 2174 1052 2233 requiris
1077 2186 1088 2226 ;
1133 2174 1308 2234 itaque
1334 2186 1437 2217 non
1461 2169 1717 2218 haesitans
1743 2187 1817 2218 re-

323 2258 582 2321 spondebo
613 2257 703 2304 sed
734 2273 796 2304 ea
825 2257 989 2304 dicam
1020 2272 1152 2320 quae
1181 2255 1304 2303 mihi
1334 2263 1454 2304 sunt
1481 2259 1534 2303 in
1562 2264 1819 2320 promptu,

324 2346 459 2409 quod
483 2349 581 2392 ista
604 2349 711 2408 ipsa
737 2345 801 2392 de
826 2360 880 2391 re
904 2344 1141 2400 multum,
1166 2351 1224 2391 ut
1249 2344 1370 2400 dixi,
1397 2351 1451 2391 et
1475 2344 1561 2392 diu
1585 2347 1818 2409 cogitavi.

631 2433 647 2457 ²
677 2432 812 2484 idque
837 2431 985 2472 Christ
999 2448 1014 2473 7ε
1046 2445 1134 2484 que
1153 2431 1220 2472 vel
1241 2445 1357 2484 quae
1376 2432 1499 2473 codd.

405 2555 425 2575 ⁸
453 2549 635 2590 Varro's
654 2549 721 2590 De
739 2549 920 2601 [sinque
939 2548 1118 2596 Latina,
1139 2561 1211 2589 see
1235 2547 1540 2589 Introduction
1560 2561 1603 2602 p.
1625 2551 1723 2590 400.

329 2622 385 2664 41
397 2620 425 2661 2
