1919 3006
915 177 1167 226 CICERO

292 325 347 356 re
369 311 699 362 extrinsecus,
715 305 838 352 nihil
857 313 915 353 ut
932 314 1067 353 esset
1083 309 1169 369 qui
1185 306 1585 371 distingueretur
1599 313 1786 353 tremor

293 390 375 436 ille
418 396 472 436 et
511 388 670 451 pallor
711 404 878 450 neque
920 395 980 435 ut
1026 391 1297 451 quicquam
1341 391 1615 434 interesset
1653 390 1788 434 inter

292 473 592 517 intestinum
621 476 674 516 et
702 468 944 515 oblatum.
1008 468 1270 515 Postremo
1298 471 1339 515 si
1365 468 1503 516 nulla
1533 471 1639 516 visa
1670 475 1788 515 sunt

293 551 572 616 probabilia
602 567 733 614 quae
763 549 890 596 falsa
919 553 1036 606 sint,
1067 550 1164 596 alia
1199 553 1328 597 ratio
1359 557 1437 597 est
1461 566 1473 606 ς
1515 552 1591 597 sin
1616 557 1789 596 autem

293 641 429 689 sunt,
455 650 541 680 cur
567 649 669 679 non
698 635 854 678 etiam
879 648 1010 695 quae
1035 649 1137 678 non
1164 630 1311 678 facile
1340 635 1748 679 internoscantur
1770 631 1789 678 ?

293 732 380 762 cur
420 731 522 761 non
568 721 626 760 ut
672 713 822 776 plane
869 712 991 759 nihil
1032 714 1275 760 intersit?
1332 716 1633 776 praesertim
1674 729 1789 760 cum

291 799 385 860 ipsi
411 797 588 843 dicatis
619 798 906 857 sapientem
928 797 981 840 in
1004 793 1173 841 furore
1203 798 1452 841 sustinere
1481 811 1536 841 se
1567 795 1630 841 ab
1655 796 1790 841 omni

294 879 510 925 adsensu
544 880 662 940 quia
694 876 832 922 nulla
862 879 914 921 in
939 879 1053 922 visis
1087 877 1344 923 distinctio
1370 883 1630 939 appareat.

218 969 272 1009 49
355 959 493 1006 XVI.
532 957 558 974 “
585 958 668 1004 Ad
703 956 794 1004 has
833 974 1007 1004 omnes
1045 960 1259 1004 visiones
1295 960 1471 1004 inanes
1509 955 1791 1004 Antiochus

292 1041 499 1105 quidem
534 1046 588 1086 et
619 1038 875 1102 permulta
908 1039 1112 1086 dicebat
1146 1046 1200 1086 et
1234 1046 1345 1086 erat
1378 1039 1442 1086 de
1475 1037 1570 1085 hac
1602 1055 1705 1086 una
1735 1053 1792 1085 re

292 1125 438 1169 unius
468 1122 568 1168 diei
597 1121 876 1183 disputatio
899 1136 912 1176 3
957 1119 1080 1166 mihi
1110 1127 1285 1167 autem
1312 1137 1414 1166 non
1441 1120 1578 1167 idem
1606 1119 1792 1167 facien-

292 1204 414 1252 dum
439 1210 584 1266 puto,
610 1202 701 1249 sed
725 1205 836 1264 ipsa
861 1205 1031 1264 capita
1056 1202 1285 1248 dicenda.
1346 1202 1417 1248 Et
1441 1205 1659 1264 primum
1685 1205 1794 1265 qui-

292 1285 410 1333 dem
433 1283 527 1331 hoc
551 1282 1030 1346 reprehendendum
1056 1283 1192 1346 quod
1215 1285 1579 1347 captiosissimo
1602 1298 1793 1347 genere

291 1367 702 1430 interrogationis
727 1371 960 1421 utuntur,
985 1365 1121 1428 quod
1144 1381 1305 1428 genus
1329 1367 1536 1411 minime
1559 1367 1613 1411 in
1635 1363 1793 1428 philo-

292 1447 469 1512 sophia
497 1448 700 1511 probari
729 1445 876 1502 solet,
907 1463 1023 1493 cum
1054 1445 1244 1509 aliquid
1272 1449 1567 1493 minutatim
1597 1453 1653 1493 et
1680 1463 1794 1510 gra-

292 1530 454 1578 datim
480 1528 684 1576 additur
709 1534 799 1574 aut
823 1528 1059 1575 demitur.
1119 1526 1308 1574 Soritas
1331 1526 1427 1575 hoc
1451 1534 1651 1584 vocant,
1675 1531 1794 1591 quia

293 1627 528 1658 acervum
560 1610 784 1656 efficiunt
815 1626 914 1655 uno
947 1609 1121 1656 addito
1152 1625 1325 1672 grano.
1390 1608 1641 1656 Vitiosum
1671 1625 1794 1656 sane

293 1700 347 1740 et
371 1695 653 1755 captiosum
677 1707 838 1755 genus
862 1691 872 1737 !
931 1689 1010 1737 Sic
1036 1693 1170 1736 em‘m
1196 1690 1501 1738 adscenditis
1525 1706 1536 1737 ι
1579 1689 1590 1707 ‘
1613 1689 1667 1737 Si
1688 1689 1793 1738 tale

293 1777 453 1820 visum
480 1774 737 1819 obiectum
764 1779 843 1818 est
868 1788 898 1818 a
922 1771 1018 1818 deo
1045 1772 1316 1819 dormienti
1341 1778 1400 1819 ut
1423 1771 1684 1835 probabile
1709 1775 1793 1829 sit,

291 1873 378 1903 cur
406 1871 506 1901 non
536 1857 692 1901 etiam
721 1861 779 1900 ut
806 1852 953 1900 valde
981 1856 1087 1900 veri
1113 1853 1275 1900 simile
1298 1854 1317 1901 ?
1363 1870 1450 1900 cur
1478 1853 1664 1901 deinde
1692 1870 1793 1900 non

292 1944 351 1984 ut
391 1935 656 1983 difficiliter
698 1951 728 1981 a
768 1951 886 1981 vero
927 1935 1341 1982 internoscatur?
1401 1935 1587 1982 deinde
1627 1941 1687 1982 ut
1727 1951 1792 1982 ne

292 2022 663 2064 internoscatur
696 2017 945 2079 quidem?
995 2023 1254 2079 postremo
1286 2023 1345 2062 ut
1376 2015 1500 2062 nihil
1530 2018 1665 2063 inter
1697 2015 1792 2063 hoc

350 2111 369 2129 ‘¹
399 2104 679 2156 Apparently
709 2105 782 2143 the
812 2103 1030 2143 technical
1058 2108 1170 2143 term
1200 2106 1235 2143 is
1258 2103 1472 2156 jestingly
1501 2103 1610 2144 used
1639 2107 1685 2144 to
1714 2103 1789 2144 de·

293 2158 434 2200 scribe
455 2159 530 2198 the
550 2161 809 2210 arguments
824 2157 919 2210 just
938 2157 1249 2198 summarized.

353 2213 369 2238 δ
403 2216 590 2264 σωρειτὴς
627 2214 912 2262 συλλογισμός,
946 2211 1021 2251 the
1056 2210 1312 2252 conclusion
1349 2209 1399 2251 of
1433 2223 1518 2251 one
1554 2209 1785 2262 syllogism

294 2267 489 2318 forming
521 2266 597 2306 the
631 2265 772 2318 major
804 2267 990 2317 premiss
1024 2264 1073 2305 of
1102 2265 1177 2305 the
1211 2268 1327 2305 next.
1391 2264 1515 2304 Each
1548 2268 1645 2316 step
1679 2278 1786 2317 may

294 2322 432 2361 either
458 2319 547 2360 add
574 2333 601 2359 a
627 2318 757 2360 small
782 2321 922 2371 point,
949 2331 997 2358 as
1024 2320 1069 2359 in
1096 2319 1171 2359 the
1196 2316 1399 2370 example
1424 2318 1580 2365 above,
1607 2331 1656 2359 or
1682 2318 1786 2359 sub-

294 2379 407 2415 tract
432 2387 530 2421 one‚
557 2386 605 2414 as
631 2375 676 2413 in
703 2373 777 2413 the
803 2371 1014 2424 practical
1038 2371 1302 2412 illustration
1329 2371 1378 2412 of
1400 2372 1474 2412 the
1497 2370 1663 2424 fallacy
1689 2371 1787 2412 that

295 2442 406 2481 gave
426 2429 460 2468 it
478 2429 532 2468 its
554 2440 684 2467 name
704 2427 838 2477 (ratio
856 2427 1026 2466 ruentis
1046 2427 1207 2473 acerui,
1229 2425 1422 2476 Horace)
1441 2442 1452 2466 ι
1487 2425 1603 2466 from
1623 2439 1650 2465 a
1670 2425 1785 2478 heap

295 2482 344 2523 of
365 2483 492 2533 grain
519 2495 602 2521 one
627 2482 755 2533 grain
781 2484 829 2520 at
852 2493 879 2520 a
904 2482 1010 2520 time
1035 2481 1071 2521 is
1096 2479 1234 2520 taken
1259 2483 1494 2532 away—at
1518 2479 1638 2520 what
1661 2481 1787 2532 point

294 2536 400 2577 does
421 2538 456 2576 it
474 2548 600 2576 ccase
621 2539 667 2575 to
690 2535 745 2576 be
765 2547 793 2574 a
815 2535 964 2587 heap?

300 2607 394 2649 528
