1919 3006
921 195 1174 245 CICERO

299 331 609 379 medicorum
644 331 858 393 ingeniis
893 334 1099 390 reperta
1134 329 1593 374 sunt—vomitione
1629 341 1795 382 canes,

302 405 585 468 purgando¹
629 410 802 450 autem
846 400 955 448 alvo
1000 416 1054 447 se
1096 401 1223 447 ibes²
1265 401 1557 463 Aegyptiae
1599 405 1793 446 curant.

305 482 554 528 Auditum
590 486 668 527 est
700 477 993 541 pantheras,
1028 492 1160 538 quae
1192 478 1242 521 in
1276 475 1511 521 barbaria
1543 481 1797 521 venenata

306 571 456 602 carne
493 559 813 616 caperentur,
849 550 1132 597 remedium
1169 549 1426 612 quoddam
1469 546 1659 594 habere
1697 564 1797 611 quo

307 645 421 675 cum
460 633 630 674 essent
662 642 783 672 usae
817 641 918 671 non
954 630 1289 678 morerentur,
1326 638 1500 685 capras
1538 629 1712 669 autem
1747 624 1799 668 in

307 703 461 750 Creta
494 701 643 757 feras,
679 717 793 747 cum
829 706 999 746 essent
1034 698 1261 745 confixae
1299 699 1562 744 venenatis
1583 699 1800 760 sagittis,

308 777 519 824 herbam
556 792 801 840 quaerere
840 791 971 837 quae
1009 774 1293 820 dictamnus
1330 779 1612 828 vocaretur,
1649 788 1802 835 quam

309 868 423 897 cum
449 852 792 914 gustavissent
817 851 1031 911 sagittas
1060 846 1294 893 excidere
1321 846 1497 892 dicunt
1523 862 1552 892 e
1578 861 1800 908 corpore.

207 932 283 972 127
310 924 604 986 Cervaeque
626 921 777 985 paulo
801 928 920 967 ante
943 927 1147 983 partum
1169 926 1484 982 perpurgant
1505 935 1560 966 se
1583 919 1803 982 quadam

309 998 521 1045 herbula
552 1013 683 1060 quae
716 995 886 1043 seselis
920 996 1117 1042 dicitur.
1189 994 1299 1040 Iam
1330 993 1413 1040 illa
1446 997 1713 1050 cernimus,
1747 1000 1805 1040 ut

310 1081 484 1122 contra
525 1076 626 1119 vim
677 1079 730 1119 et
770 1079 967 1118 metum
1007 1074 1106 1118 suis
1149 1086 1202 1116 se
1245 1073 1393 1116 armis
1435 1086 1670 1133 quaeque
1718 1070 1806 1117 de·

311 1148 525 1195 fendant
551 1146 781 1193 cornibus
807 1149 957 1201 tauri,
984 1148 1090 1207 apri
1123 1144 1379 1200 dentibus,
1404 1161 1573 1191 morsu
1597 1143 1769 1191 leones
1792 1158 1806 1199 3

312 1221 439 1269 aliae
469 1220 592 1285 fuga
623 1236 678 1267 se
713 1219 839 1266 aliae
874 1217 1212 1265 occultatione
1248 1225 1501 1274 tutantur,
1532 1218 1806 1265 atramenti

313 1296 554 1344 effusione
579 1298 750 1357 sepiae
775 1302 979 1356 torpore
1005 1293 1314 1356 torpedines,
1334 1292 1527 1339 multae
1554 1296 1710 1339 etiam
1734 1296 1808 1340 in-

313 1375 555 1420 sectantis
590 1371 753 1418 odoris
787 1368 1092 1415 intolerabili
1125 1366 1375 1415 foeditate
1409 1367 1688 1431 depellunt.

379 1444 463 1491 LI.
493 1444 519 1460 “
538 1443 611 1491 Ut
627 1460 744 1490 vero
755 1449 1034 1506 perpetuus
1046 1441 1221 1488 mundi
1235 1448 1370 1487 esset
1387 1448 1809 1505 ornatus,magna

315 1518 543 1567 adhibita
579 1534 697 1565 cura
735 1524 812 1563 est
850 1533 879 1562 a
914 1516 1233 1578 providentia
1268 1515 1480 1562 deorum
1515 1521 1574 1562 ut
1608 1531 1810 1578 semper

316 1601 486 1641 essent
532 1600 585 1640 et
627 1593 907 1639 bestiarum
951 1607 1141 1655 genera
1187 1597 1241 1637 et
1286 1590 1521 1636 arborum
1564 1593 1812 1637 omnium-

317 1686 416 1732 que
433 1685 601 1716 rerum
619 1684 750 1731 quae
768 1684 797 1713 a
815 1674 953 1714 terra
968 1667 1206 1728 stirpibus
1227 1668 1623 1713 continerentur.
1663 1664 1810 1724 Quae

317 1745 524 1808 quidem
556 1747 724 1790 omnia
755 1759 868 1789 eam
898 1745 998 1788 vim
1028 1744 1232 1787 seminis
1262 1739 1456 1787 habent
1484 1742 1536 1787 in
1570 1756 1625 1787 se
1658 1747 1717 1787 ut
1747 1756 1811 1787 ex

317 1837 417 1867 uno
446 1820 590 1882 plura
619 1825 947 1883 generentur,
976 1818 1130 1880 idque
1164 1833 1339 1863 semen
1370 1815 1614 1862 inclusum
1650 1822 1730 1863 est
1761 1819 1813 1862 in

317 1887 513 1941 int‘iima
539 1900 685 1955 parte
713 1909 886 1939 earum
911 1892 1151 1938 bacarum
1178 1906 1309 1953 quae
1337 1906 1400 1936 ex
1426 1906 1629 1953 quaque
1655 1893 1813 1952 stirpe

317 1966 599 2014 funduntur
622 1983 634 2022 3
677 1967 939 2029 isdemque
967 1965 1240 2012 seminibus
1268 1971 1320 2011 et
1345 1962 1574 2011 homines
1600 1962 1813 2011 adfatim

318 2048 589 2088 vescuntur
612 2047 664 2086 et
686 2047 854 2086 terrae
879 2039 1106 2086 eiusdem
1127 2041 1327 2102 generis
1353 2040 1586 2099 stirpium
1605 2053 1814 2084 renova-

215 2124 294 2164 128
319 2121 457 2164 tione
492 2115 805 2178 conplentur.
876 2114 1011 2173 Quid
1044 2113 1220 2176 loquar
1257 2120 1448 2176 quanta
1481 2114 1610 2159 ratio
1642 2114 1694 2159 in
1726 2112 1814 2160 be-

319 2195 426 2239 stiis
471 2191 534 2238 ad
577 2198 880 2253 perpetuam
918 2192 1349 2236 conservationem
1396 2203 1569 2234 earum
1611 2190 1812 2251 generis

321 2265 606 2328 appareat?
675 2264 805 2311 Nam
834 2267 1052 2326 primum
1083 2262 1209 2309 aliae
1240 2278 1403 2308 mares
1434 2260 1562 2308 aliae
1591 2260 1812 2309 feminae

320 2348 453 2396 sunt,
480 2340 615 2403 quod
639 2342 998 2402 perpetuitatis
1024 2354 1174 2384 causa
1198 2336 1487 2384 machinata
1510 2343 1693 2383 natura
1716 2343 1815 2393 est,

381 2451 397 2478 ¹
428 2451 663 2504 purgando
684 2450 923 2500 Plasberq:
963 2453 1197 2502 purgante,
1220 2453 1461 2501 purgantes
1483 2459 1583 2490 uss.

382 2506 400 2531 ⁸
429 2505 528 2545 alvo
566 2505 670 2546 sibis
704 2510 778 2545 etc.
814 2515 945 2544 uss:
986 2506 1227 2556 purgantes
1261 2506 1410 2543 autem
1443 2500 1565 2543 alvos
1603 2500 1696 2543 ibes
1729 2501 1815 2544 Ae-

326 2562 508 2612 gyptiae
528 2563 738 2600 curantur
763 2557 964 2609 Madviy.

329 2629 426 2673 244
